3984 5167
538 477 660 622 'aaa
717 509 752 619 J.
781 506 829 597 a.
855 526 923 596 m.
958 498 1214 599 uass-ts
1251 490 1643 597 contutant.

422 708 529 801 1578.
575 705 671 800 quod
684 725 763 777 cum
778 693 939 791 Parmensi
949 697 1086 793 aliquid
1103 695 1233 771 secreta
1250 698 1455 785 moliretur,
1471 692 1769 793 ‘comprehensum

576 804 760 896 capiteque
781 794 925 892 publice
941 816 1120 867 truncatus
1149 792 1198 865 stt.
1223 797 1375 869 Rihauiut
1388 818 1482 869 uero
1503 844 1516 881 ,
1540 816 1623 867 cum
1648 791 1771 867 civitas

577 897 716 971 tandem
735 888 895 984 Parmenfi
913 888 947 961 se
965 888 1232 979 reconcilialiet,
1247 888 1405 985 fugient,
1420 910 1492 965 aut
1507 886 1629 985 postea
1645 888 1769 961 misere

577 994 684 1067 vitam
705 992 834 1084 degens
848 1040 859 1074 ,
871 1008 1041 1059 mortuus
1058 986 1130 1077 est,
1147 1007 1206 1060 aut
1227 986 1251 1059 st
1268 988 1401 1074 adhuc,
1418 988 1501 1059 dum
1518 988 1598 1059 haec
1618 982 1771 1059 scribun-

574 1107 659 1173 tur,
681 1088 794 1169 vivit,
816 1104 910 1177 aegte
924 1084 1033 1154 vitam
1051 1080 1228 1163 sustentat.
1262 1082 1405 1155 -Mirum
1429 1076 1594 1177 prosette
1628 1079 1699 1153 hoc
1714 1102 1770 1157 ex—

574 1186 873 1279 emplo‚--quauta
887 1180 922 1249 in
941 1180 1043 1251 rebus
1060 1182 1219 1253 humanis
1239 1178 1325 1253 solet
1345 1178 1411 1251 elle
1434 1176 1646 1262 victffitudo,
1668 1177 1770 1272 idque

577 1302 652 1353 non
669 1279 840 1352 incertum
859 1271 1054 1367 hujusmodi
1070 1273 1282 1366 simultates,
1305 1298 1348 1349 ac
1373 1272 1584 1358 seditiones,
1611 1276 1770 1369 quamvis

577 1375 807 1449 extrinsecam
822 1368 1268 1466 faelicitatemaliquamdiu
1289 1394 1364 1465 prae
1392 1369 1425 1444 se
1450 1368 1539 1444 serre
1569 1369 1771 1461 videantur,

576 1471 723 1548 tandem
733 1465 1772 1564 tamenauthoribusiuiseaitio=potiua,quambeneficioelle.

631 1565 730 1640 LVI.
755 1564 883 1639 Cotum
898 1560 1071 1659 Btafftum,
1090 1566 1397 1661 quemMatthias,
1414 1567 1593 1650 Auratam,
1612 1560 1772 1637 Ordines-

579 1686 653 1758 que
677 1687 717 1738 ea
732 1677 835 1735 aetate
850 1663 886 1732 in
902 1658 1100 1753 supremum
1120 1660 1170 1733 sui
1194 1664 1365 1735 exercitas
1377 1656 1583 1733 Praefelium
1600 1663 1774 1755 elegerant

584 1765 774 1855 Rrymtnmn
794 1754 972 1851 profetlus
989 1754 1061 1845 est,
1077 1755 1172 1852 .(qui
1191 1754 1241 1830 est
1264 1780 1376 1853 pagus
1395 1754 1487 1843 ¹staua
1513 1757 1604 1829 inter
1620 1756 1772 1829 Mecnli·

582 1858 701 1939 niam,
720 1855 757 1928 &
774 1852 971 1925 Lovanium
995 1852 1040 1926 ad
1062 1856 1171 1947 ripam
1200 1850 1353 1935 fluminis
1370 1852 1471 1927 Delii
1485 1850 1512 1946 ἑ(
1520 1854 1629 1948 vulgo
1645 1852 1772 1946 Dtylr)

607 1954 645 2024 ui
661 1950 824 2023 Louanio
837 1970 903 2041 per
920 1948 1144 2022 Mechliniam
1159 1948 1308 2044 defluit)
1332 1974 1413 2026 cum
1440 1944 1630 2044 Austriatus
1653 1950 1691 2021 in
1717 1970 1775 2022 ca-

633 2048 663 2120 is
697 2066 810 2142 prope
837 2044 1072 2119 Tilmontium
1100 2042 1323 2129 confideret,
1362 2048 1412 2120 ibi
1433 2067 1572 2119 omnem
1600 2043 1774 2118 Ordinum

581 2147 778 2219 exercitum
792 2142 1028 2215 collestntus:
1058 2164 1207 2239 cumque
1230 2138 1332 2217 sciret
1352 2166 1424 2217 non
1446 2144 1552 2237 longe
1568 2140 1681 2216 abeffe
1705 2148 1774 2216 Aa·

575 2239 762 2337 fluerunt,
792 2240 986 2333 prudenter
1007 2238 1102 2313 vallo
1122 2236 1230 2313 castra
1247 2237 1418 2328 munivit,
1446 2235 1504 2310 dis
1524 2236 1619 2311 osteis
1641 2240 1677 2311 in
1702 2236 1773 2333 ipso
1883 2270 1885 2333 j

577 2329 1051 2430 .aditu,decem&quatuor
1067 2337 1250 2410 tormentis
1266 2260 1521 2423 bellicis,utliJ
1885 2414 1886 2421 Ν

577 2434 719 2509 ounino
736 2428 818 2505 elset
834 2448 941 2505 tutus.
965 2430 1153 2527 Austriacar
1167 2455 1257 2507 -vero
1265 2434 1309 2508 de
1321 2432 1411 2506 dieta
1422 2454 1486 2527 per
1501 2426 1665 2526 Boffuium
1675 2452 1776 2504 exer·
1885 2438 1886 2495 l

578 2532 675 2605 uitus
703 2528 910 2604 collestione
934 2530 1069 2601 certior
1094 2526 1244 2615 iatius,
1277 2532 1505 2604 uehementer
1529 2527 1718 2624 expetebat
1740 2527 1775 2601 id
1885 2606 1887 2621 ,

584 2627 713 2722 ptaelio
735 2625 935 2721 impedire,
963 2644 1148 2718 antequam
1172 2647 1291 2698 omnes
1310 2627 1434 2721 eopia
1447 2698 1449 2703 ,
1462 2627 1775 2721 conjungerentur:
1885 2622 1887 2669 ²

586 2723 777 2799 videbatur
793 2722 903 2808 enim,
924 2718 948 2792 st
971 2721 1008 2793 id
1025 2720 1182 2796 accidere
1200 2716 1387 2815 potuiffet,
1415 2722 1485 2795 hoc
1499 2743 1571 2795 uno
1595 2744 1651 2794 res
1666 2722 1777 2816 regina
1886 2804 1887 2807 Ἴ

580 2820 785 2913 periculum
801 2837 871 2890 tam
898 2817 1007 2903 varii,
1035 2840 1075 2891 ac
1100 2815 1233 2912 copiosa
1259 2819 1448 2905 exercitus,
1467 2818 1575 2893 -faeile
1597 2817 1777 2905 evasuras,

587 2915 867 3009 cum=praecipua
879 2912 939 2984 itta
961 2932 1063 3007 parte
1080 2917 1251 2989 exercitus
1267 2913 1439 3010 superati,
1447 2914 1591 3010 reliquae
1598 2911 1773 2987 Ordinnm

582 3011 724 3104 eopiae,
748 3010 792 3083 ad
809 3026 940 3078 tantam
968 3007 1258 3096 diminutionem,
1288 3014 1516 3107 timoremque
1537 3014 1704 3107 exemplo
1730 3033 1777 3083 re·

585 3106 682 3179 centi
700 3106 959 3201 pervenirem,
985 3127 1033 3178 ut
1056 3128 1141 3199 quas
1166 3105 1239 3202 ipse
1266 3108 1446 3191 habebat,
1472 3108 1510 3179 in
1540 3128 1666 3202 aperto
1689 3108 1776 3181 alere

582 3222 750 3297 eampo,
790 3198 898 3296 iisque
924 3221 1034 3295 prout
1048 3199 1253 3278 'occasiones
1276 3204 1547 3299 permitterent,
1578 3200 1703 3278 secure
1727 3204 1778 3276 uti

581 3300 716 3373 liceret.
742 3294 984 3386 Quamobrem
1000 3285 1097 3371 haud
1119 3298 1222 3371 semel
1237 3300 1320 3373 miffi
1330 3350 1342 3387 ‚
1354 3300 1414 3396 qui
1431 3299 1532 3372 satum
1549 3298 1649 3391 loci,
1674 3300 1779 3375 vallo·

585 3418 733 3490 rumque
753 3394 1040 3469 consttoliionem
1058 3394 1177 3467 exalte
1194 3399 1398 3491 explorantt
1421 3394 1571 3491 super-te
1582 3416 1655 3469 tam
1673 3397 1779 3470 ardua

580 3490 711 3587 sapius
727 3490 965 3564 consultatum.
1015 3488 1178 3565 Placebat
1198 3495 1358 3570 omnibus
1381 3494 1529 3567 marma
1555 3494 1615 3565 illa
1630 3494 1779 3582 utilitas,
1885 3556 1887 3597 d

586 3588 700 3684 qualis
717 3589 851 3682 procul
877 3586 985 3660 dubio
1010 3586 1126 3660 futura
1149 3607 1243 3667 erat,
1273 3586 1298 3661 fi
1324 3588 1472 3662 faelicom
1492 3610 1618 3691 pugna
1642 3588 1783 3663 habetet
1886 3612 1887 3625 ²

585 3686 750 3759 exitum:
768 3681 799 3756 e
817 3700 949 3755 ,contra
975 3706 1031 3755 res
1060 3700 1133 3755 erat
1149 3685 1252 3777 plena
1270 3686 1437 3780 periculi,
1462 3682 1499 3757 &
1524 3686 1621 3759 nulla
1649 3687 1776 3761 ratione
1885 3708 1887 3745 ⁴

585 3782 704 3856 innixa
720 3832 733 3869 ,
759 3776 870 3855 castra
886 3796 983 3852 tanto
1008 3779 1104 3853 vallo
1119 3781 1297 3877 militeque
1313 3783 1465 3865 munita,
1487 3780 1550 3855 sub
1566 3778 1779 3878 imperatore

582 3880 747 3965 ilrenuo,
773 3875 921 3971 satisque
936 3897 1103 3972 experto,
1119 3876 1307 3963 invadere,
1325 3898 1429 3973 atque
1447 3873 1628 4046 superare,
1652 3880 1784 3951 utinec

468 4032 471 4050 .
587 3976 732 4047 minoris
757 3973 926 4070 periculi,
942 3972 1021 4069 post
1037 3970 1248 4047 invasionem
1270 3996 1459 4061 tentatam,
1499 3996 1601 4048 tnon
1619 3972 1786 4067 lucceffis·

501 4067 504 4074 '
582 4068 667 4153 set,
693 4076 819 4165 pedem
835 4068 993 4156 referre,
1017 4094 1058 4143 ac
1075 4092 1198 4164 terga,
1225 4070 1303 4167 post
1333 4094 1406 4144 rem
1429 4072 1518 4144 male
1542 4069 1672 4165 gestam
1693 4068 1790 4146 hosti

576 4162 689 4250 aare,
712 4188 752 4241 ut
763 4166 834 4261 jam
848 4168 986 4262 pridem
1009 4164 1247 4241 Gibloniensts
1272 4166 1292 4211 ⁴*
1316 4166 1499 4245 conflilius
1514 4167 1790 4339 sausdocuppat„

747 4379 769 4431 ἐ
788 4375 830 4445 'ld
846 4378 900 4462 est:
922 4377 1200 4451 Gemblacenses.
1747 4442 1753 4451 .

1511 2332 1774 2409 cabinvafione
1884 2336 1885 2349 ¹
