3984 5167
557 476 641 565 260
698 405 732 581 Jss
765 470 813 560 a.
843 494 918 559 na
948 458 1207 563 Tassrs
1242 466 1629 563 commutvr.

369 661 372 670 ’
411 686 516 761 1577·
561 688 649 742 vero
678 684 884 754 manerent,
920 664 970 735 illi
998 659 1153 758 speciosa
1176 660 1261 744 ¹satis
1285 660 1521 757 subterfugia,
1548 664 1674 761 quibus
1698 667 1759 743 suu

384 806 525 885 Responfir
561 763 860 860 tempore'omnia
885 761 982 834 irrita
1012 762 1185 833 redderet.
1235 758 1419 833 Laudabat
1445 758 1636 847 Ordines,
1688 768 1758 838 uod

385 891 504 950 Aurini
564 883 634 934 tam
654 861 697 932 ad
719 862 892 952 quietem,
918 858 1272 951 tranquillitatemque
1291 856 1426 944 Patriae,
1445 858 1645 953 propensae
1676 884 1760 948 ent,

305 969 309 976 ’
384 968 420 1029 od
436 982 483 1043 pe
565 952 753 1031 admonere
786 976 900 1028 tamen
921 958 1030 1024 multa
1060 958 1097 1025 in
1129 955 1332 1025 tractatione
1358 953 1417 1025 illa
1447 953 1512 1024 else
1536 955 1674 1039 oblita,
1701 980 1759 1031 avt

386 1044 533 1144 aremar-
567 1050 704 1139 omissa,
730 1074 809 1145 quae
832 1049 877 1121 ad
914 1047 1037 1121 Patriae
1062 1049 1281 1145 splendorem
1311 1047 1592 1145 felicitatemque
1619 1055 1761 1128 omnino

386 1125 533 1262 ΨΜ,
567 1146 674 1224 essent
700 1145 903 1231 necessaria,
926 1147 1122 1241 privilegiis
1148 1168 1218 1217 non
1258 1142 1531 1231 fatiscentem,
1565 1148 1762 1221 libertatem

384 1218 464 1343 {¹32³}ss
477 1218 520 1348 B?
567 1243 763 1318 Ordinibus
783 1245 999 1337 ademptam,
1026 1245 1094 1335 qud
1114 1240 1249 1337 semper
1270 1243 1413 1333 quando
1430 1242 1650 1335 Reipublicae
1680 1244 1761 1318 esset

388 1361 497 1421 caserta
567 1339 781 1429 consultum,
807 1342 898 1413 inter
914 1337 949 1410 se
967 1340 1158 1411 convenire
1180 1334 1326 1431 possent.
1354 1334 1506 1411 Ordines
1531 1338 1574 1410 ad
1603 1362 1695 1413 nova
1713 1361 1760 1413 at-

390 1454 460 1497 rurr.
569 1462 637 1532 que
653 1436 787 1510 insueta
801 1437 997 1531 juramenta
1015 1433 1080 1507 elle
1103 1432 1297 1519 adstudios,
1320 1436 1448 1505 nullam
1465 1434 1619 1507 libertati
1638 1438 1762 1509 Comitia

568 1537 696 1610 Burani
712 1533 845 1629 captivi
871 1550 994 1605 contra
1022 1533 1206 1629 privilegia
1232 1532 1383 1603 habitam
1408 1532 1605 1617 rationem,
1631 1536 1763 1605 nullum

570 1632 780 1704 mentionem
810 1630 854 1701 de
882 1628 1109 1701 demoliendis
1138 1626 1291 1711 arcibus,
1312 1624 1356 1699 de
1381 1625 1640 1701 conservatione
1667 1626 1764 1703 Pacis

571 1723 813 1799 Gandavensts
827 1724 899 1821 jam
920 1726 1056 1819 pridem
1077 1727 1237 1809 decreta,
1263 1723 1311 1793 ita
1333 1721 1477 1794 obscure·
1496 1720 1621 1807 adium,
1638 1744 1678 1796 ut
1695 1748 1764 1799 non

570 1820 683 1895 defint
706 1818 851 1917 speciosi
874 1840 1090 1915 praetextus,
1115 1819 1242 1913 quibus
1264 1838 1335 1890 arte
1353 1817 1515 1911 Adstricti
1532 1820 1567 1891 in
1588 1821 1674 1892 nihil
1692 1843 1764 1895 tan-

573 1920 654 1990 dem
673 1916 769 2013 poss'e
780 1915 897 2011 redigi
914 1916 994 1989 esset
1009 1915 1179 2012 perfacile
1193 1940 1203 1999 3
1225 1917 1351 1987 nullam
1367 1912 1592 1988 sufficientem
1608 1914 1766 1991 securita-

572 2035 644 2089 tem
662 2017 799 2086 Aurar'ro
816 2032 1039 2107 procuratam
1059 2038 1068 2085 :
1104 2013 1254 2107 denique
1273 2012 1352 2105 plus
1369 2032 1472 2103 aequo
1488 2012 1677 2105 neglesiam
1691 2034 1765 2107 gra·

574 2110 701 2185 riarum
732 2108 903 2183 astionem
928 2106 1076 2204 Reginae
1106 2109 1267 2204 Angliae,
1303 2106 1484 2203 Ducisque
1516 2107 1789 2204 Andagaoenfir,

574 2228 643 2303 pro
677 2203 862 2292 consiliis,
894 2207 1062 2293 auxiliis,
1088 2204 1227 2303 aliisque
1250 2205 1409 2300 plurimis
1433 2206 1592 2277 amicitiae
1616 2204 1764 2291 officiis,

575 2302 703 2398 quibus
726 2303 914 2376 liberaliter
937 2300 1100 2397 Belgium
1125 2302 1327 2396 adjuverant
1352 2323 1360 2373 :
1401 2323 1480 2393 quae
1505 2302 1620 2373 omnia
1643 2302 1767 2375 statue·

574 2402 661 2473 bant
682 2403 751 2494 jam
775 2420 877 2481 tunc,
904 2422 985 2471 cum
1009 2398 1223 2473 Villeruolsius
1249 2448 1260 2484 ,
1293 2394 1332 2469 dc
1357 2394 1489 2490 Buyfios
1514 2420 1557 2469 eo
1578 2398 1767 2487 venissent,

538 2535 541 2541 ·
577 2494 775 2570 Ordinibus
799 2492 910 2567 amice
928 2490 1118 2589 significare
1145 2548 1155 2583 ,
1181 2514 1221 2567 ut
1244 2493 1344 2589 super
1368 2515 1412 2563 eo
1435 2544 1446 2580 ,
1471 2498 1669 2589 opportune
1687 2518 1767 2589 pro·

575 2592 689 2667 videri
718 2610 905 2666 curarent:
940 2591 999 2665 sed
1026 2614 1106 2663 cum
1129 2614 1189 2663 eos
1213 2586 1432 2687 praevenisset
1457 2612 1683 2685 praepropera
1699 2592 1768 2663 Or·

576 2690 695 2762 dinum
721 2688 930 2772 festinatio,
972 2686 1061 2760 nihil
1095 2688 1164 2761 illis
1195 2688 1267 2781 jam
1300 2708 1337 2758 re
1363 2684 1490 2757 insesld
1521 2686 1647 2780 reliqui
1678 2684 1768 2775 effe,

576 2808 680 2880 quam
705 2785 825 2858 Deum
873 2788 1019 2869 caecari,
1043 2805 1083 2858 ut
1101 2780 1177 2855 aeta
1199 2786 1242 2857 ad
1264 2783 1435 2855 bonorum
1451 2781 1683 2857 Patriotarum
1708 2808 1770 2880 op·

578 2901 687 2954 tatum
715 2879 821 2952 finem
844 2807 1005 2954 feliciter
1029 2881 1223 2976 perducat,
1254 2877 1288 2952 se
1312 2899 1457 2961 autem,
1492 2876 1637 2973 suosque
1660 2882 1696 2951 in
1726 2906 1769 2954 eo

578 2976 724 3056 firmiter
741 2973 939 3070 perlistere,
964 2979 1019 3050 uti
1043 2999 1114 3072 pax
1137 2973 1379 3049 Gandavensrs
1407 2976 1450 3045 ad
1484 2976 1635 3048 amuffim
1657 2976 1769 3051 obser

577 3094 698 3161 vetur,
723 3091 830 3166 utque
850 3071 1037 3161 universas,
1062 3074 1099 3147 δι
1117 3070 1257 3165 frugalis
1284 3072 1378 3145 clard
1403 3091 1557 3165 pateret,
1590 3070 1658 3144 sese
1684 3074 1768 3145 nihil

577 3171 672 3242 aliud
704 3187 891 3263 expetere,
925 3192 1030 3263 quam
1058 3167 1236 3241 discessum
1263 3166 1522 3263 Hispanorum,
1556 3170 1769 3263 aliorumque

576 3264 811 3351 Exterorum,
846 3286 1000 3358 pacem,
1040 3262 1404 3357 conservationemque
1431 3266 1599 3359 integram
1631 3268 1770 3361 privile·

443 3378 475 3391 ’“
577 3365 734 3457 giorum,
760 3360 1007 3434 atlibertatem
1025 3359 1167 3450 Patriae‚
1194 3363 1263 3434 hoc
1282 3358 1475 3433 Ordinibus
1492 3363 1686 3434 nuntiatum
1710 3386 1770 3435 vo·

576 3461 714 3543 lebant,
741 3454 810 3529 sese
825 3480 964 3551 paratos
981 3457 1048 3531 else
1065 3458 1237 3553 Capitulis
1249 3457 1420 3529 Marchiae
1444 3454 1613 3531 conclufis
1629 3456 1770 3531 subscri·

464 3611 468 3617 .
577 3555 678 3637 bere,
704 3554 895 3627 dummodo
913 3576 993 3628 ante
1011 3556 1082 3650 ejus
1098 3558 1148 3627 rei
1165 3551 1346 3637 effectum,
1362 3551 1516 3625 Ordines
1529 3553 1770 3647 jurejurando,

577 3651 792 3746 publicoque
807 3649 1036 3723 instrumento
1053 3650 1122 3725 sese
1140 3649 1419 3724 irrevocabiliter
1436 3646 1644 3740 astringant,
1669 3672 1773 3745 atque

577 3746 754 3840 obligent,
781 3743 930 3819 &adid
947 3746 1040 3819 idem
1058 3748 1206 3841 obligari
1238 3766 1384 3832 curent,
1409 3745 1672 3819 Provinciamn
1699 3770 1769 3819 om·

576 3847 694 3924 nium,
718 3840 895 3938 totiusque
918 3845 1048 3916 militiae
1073 3840 1283 3928 Praesedios,
1310 3840 1333 3912 li
1355 3860 1513 3933 tempore
1529 3842 1572 3913 ad
1591 3840 1767 3916 discessum

576 3938 811 4032 Hispanorum
842 3938 1009 4032 praefixo,
1052 3941 1173 4034 (quod
1201 3938 1389 4033 cupiebant
1414 3937 1477 4010 fibi
1503 3938 1547 4009 ab
1577 3938 1769 4011 Ordinibus

577 4032 783 4127 significari)
809 4032 957 4130 Hispani
975 4058 1096 4109 revera
1111 4036 1238 4129 Belgio
1254 4059 1323 4108 non
1349 4031 1574 4119 excelsrss'ent,
1600 4056 1682 4109 tunc
1702 4036 1772 4106 Or·

578 4132 675 4203 dines
692 4132 780 4202 nihil
804 4132 948 4224 amplius
979 4134 1146 4229 deinceps
1175 4154 1256 4205 cum
1283 4131 1450 4226 Austrioco
1485 4128 1634 4204 aeluros.
1682 4130 1772 4203 Prae·

576 4246 669 4297 terea
683 4226 925 4317 petistenullo
946 4232 1053 4301 modo
1074 4228 1244 4322 publicari
1264 4228 1353 4301 hanc
1370 4226 1635 4319 obligationem,
1660 4230 1773 4300 donec

572 4319 697 4395 Exteri
724 4318 886 4416 Belgium
900 4321 1134 4419 reliquill'ent,
1161 4324 1198 4397 δι
1222 4324 1317 4418 qnod
1346 4342 1516 4396 nectunt
1542 4320 1604 4417 ipsi
1627 4323 1772 4395 Provin·

567 4421 698 4494 ciarum
708 4472 720 4509 ,
737 4438 780 4494 ac
798 4420 932 4498 militiae
949 4418 1110 4497 Praeferri
1128 4417 1354 4525 Adstrictum,
1377 4438 1437 4495 aut
1455 4419 1557 4496 alium
1574 4441 1779 4515 quemcum-

1701 4534 1786 4609 que„-

1887 4660 1889 4737 l
