<?xml version="1.0" encoding="UTF-8"?>
<!DOCTYPE html PUBLIC "-//W3C//DTD XHTML 1.0 Transitional//EN"
    "http://www.w3.org/TR/xhtml1/DTD/xhtml1-transitional.dtd">
<html xmlns="http://www.w3.org/1999/xhtml" xml:lang="en" lang="en">
 <head>
  <title>
</title>
<meta http-equiv="Content-Type" content="text/html;charset=utf-8" />
  <meta name='ocr-system' content='tesseract 3.04.00' />
  <meta name='ocr-capabilities' content='ocr_page ocr_carea ocr_par ocr_line ocrx_word'/>
</head>
<body>
  <div class='ocr_page' id='page_1' title='image "./vitavigliiabayt00papegoog_0205.png"; bbox 0 0 3984 5167; ppageno 0'>
   <div class='ocr_carea' id='block_1_1' title="bbox 525 445 1601 659">
    <p class='ocr_par' dir='ltr' id='par_1_1' title="bbox 525 445 1601 659">
     <span class='ocr_line' id='line_1_1' title="bbox 525 445 1601 659; baseline -0.002 -39"><span class='ocrx_word' id='word_1_1' title='bbox 525 531 617 642; x_wconf 79' lang='lat'>196</span> <span class='ocrx_word' id='word_1_2' title='bbox 667 529 702 639; x_wconf 81' lang='lat' dir='ltr'>J.</span> <span class='ocrx_word' id='word_1_3' title='bbox 725 524 787 616; x_wconf 73' lang='lat' dir='ltr'>,u</span> <span class='ocrx_word' id='word_1_4' title='bbox 814 545 888 616; x_wconf 79' lang='lat' dir='ltr'>nt</span> <span class='ocrx_word' id='word_1_5' title='bbox 915 445 1171 617; x_wconf 68' lang='lat' dir='ltr'>ffnbsls&#39;</span> <span class='ocrx_word' id='word_1_6' title='bbox 1205 519 1601 659; x_wconf 77' lang='lat' dir='ltr'><strong>COMMENT.</strong></span> 
     </span>
    </p>
   </div>
   <div class='ocr_carea' id='block_1_2' title="bbox 363 695 1896 4401">
    <p class='ocr_par' dir='ltr' id='par_1_2' title="bbox 380 695 1734 1270">
     <span class='ocr_line' id='line_1_2' title="bbox 380 695 1734 807; baseline 0.004 -33"><span class='ocrx_word' id='word_1_7' title='bbox 380 733 485 807; x_wconf 67' lang='lat'>2524.</span> <span class='ocrx_word' id='word_1_8' title='bbox 530 699 667 778; x_wconf 77' lang='lat' dir='ltr'>mifill‘et</span> <span class='ocrx_word' id='word_1_9' title='bbox 678 753 690 788; x_wconf 93' lang='lat'><em>,</em></span> <span class='ocrx_word' id='word_1_10' title='bbox 716 722 829 776; x_wconf 87' lang='lat' dir='ltr'>retum</span> <span class='ocrx_word' id='word_1_11' title='bbox 853 703 896 774; x_wconf 84' lang='lat' dir='ltr'>ad</span> <span class='ocrx_word' id='word_1_12' title='bbox 917 700 1158 795; x_wconf 69' lang='lat' dir='ltr'>expeditiones</span> <span class='ocrx_word' id='word_1_13' title='bbox 1174 695 1440 777; x_wconf 78' lang='lat' dir='ltr'>neceffmiatum·</span> <span class='ocrx_word' id='word_1_14' title='bbox 1456 698 1734 802; x_wconf 60' lang='lat' dir='ltr'>provilioith</span> 
     </span>
     <span class='ocr_line' id='line_1_3' title="bbox 532 795 1728 892; baseline 0.002 -24"><span class='ocrx_word' id='word_1_15' title='bbox 532 795 716 872; x_wconf 86' lang='lat' dir='ltr'>deficiente</span> <span class='ocrx_word' id='word_1_16' title='bbox 733 795 873 878; x_wconf 72' lang='lat' dir='ltr'>condius</span> <span class='ocrx_word' id='word_1_17' title='bbox 895 795 1047 870; x_wconf 81' lang='lat' dir='ltr'>substitit</span> <span class='ocrx_word' id='word_1_18' title='bbox 1066 847 1084 883; x_wconf 78' lang='lat'><em>,</em></span> <span class='ocrx_word' id='word_1_19' title='bbox 1109 820 1218 890; x_wconf 85' lang='lat' dir='ltr'>eaque</span> <span class='ocrx_word' id='word_1_20' title='bbox 1244 795 1316 891; x_wconf 82' lang='lat' dir='ltr'>ipsa</span> <span class='ocrx_word' id='word_1_21' title='bbox 1333 798 1493 892; x_wconf 86' lang='lat' dir='ltr'>oppida,</span> <span class='ocrx_word' id='word_1_22' title='bbox 1522 819 1602 889; x_wconf 78' lang='lat' dir='ltr'>quae</span> <span class='ocrx_word' id='word_1_23' title='bbox 1627 812 1728 870; x_wconf 76' lang='lat' dir='ltr'>tenta·</span> 
     </span>
     <span class='ocr_line' id='line_1_4' title="bbox 531 891 1724 992; baseline -0.002 -28"><span class='ocrx_word' id='word_1_24' title='bbox 531 891 710 976; x_wconf 80' lang='lat' dir='ltr'>ioelicitate</span> <span class='ocrx_word' id='word_1_25' title='bbox 738 912 917 984; x_wconf 74' lang='lat' dir='ltr'>eruperat,</span> <span class='ocrx_word' id='word_1_26' title='bbox 940 891 1061 986; x_wconf 87' lang='lat' dir='ltr'>postea</span> <span class='ocrx_word' id='word_1_27' title='bbox 1086 895 1236 988; x_wconf 81' lang='lat' dir='ltr'>egestate</span> <span class='ocrx_word' id='word_1_28' title='bbox 1258 911 1466 985; x_wconf 76' lang='lat' dir='ltr'>premente,</span> <span class='ocrx_word' id='word_1_29' title='bbox 1490 907 1593 992; x_wconf 85' lang='lat' dir='ltr'>atque</span> <span class='ocrx_word' id='word_1_30' title='bbox 1619 894 1724 962; x_wconf 85' lang='lat' dir='ltr'>etiam</span> 
     </span>
     <span class='ocr_line' id='line_1_5' title="bbox 534 985 1724 1082; baseline 0 -24"><span class='ocrx_word' id='word_1_31' title='bbox 534 985 752 1082; x_wconf 75' lang='lat' dir='ltr'>Ctimpium‚</span> <span class='ocrx_word' id='word_1_32' title='bbox 774 987 939 1080; x_wconf 78' lang='lat' dir='ltr'><strong>perdidit.</strong></span> <span class='ocrx_word' id='word_1_33' title='bbox 966 985 1096 1059; x_wconf 81' lang='lat' dir='ltr'>Noluit</span> <span class='ocrx_word' id='word_1_34' title='bbox 1112 988 1203 1062; x_wconf 86' lang='lat' dir='ltr'>enim</span> <span class='ocrx_word' id='word_1_35' title='bbox 1221 985 1448 1079; x_wconf 69' lang='lat' dir='ltr'>Requesermiur</span> <span class='ocrx_word' id='word_1_36' title='bbox 1464 989 1611 1059; x_wconf 88' lang='lat' dir='ltr'>omnino</span> <span class='ocrx_word' id='word_1_37' title='bbox 1619 987 1724 1058; x_wconf 73' lang='lat' dir='ltr'>rebus</span> 
     </span>
     <span class='ocr_line' id='line_1_6' title="bbox 529 1077 1722 1177; baseline -0.003 -21"><span class='ocrx_word' id='word_1_38' title='bbox 529 1077 759 1156; x_wconf 85' lang='lat' dir='ltr'>Hollandicis.</span> <span class='ocrx_word' id='word_1_39' title='bbox 777 1084 1097 1164; x_wconf 79' lang='lat' dir='ltr'>irrctunbere‚.cum</span> <span class='ocrx_word' id='word_1_40' title='bbox 1121 1084 1267 1162; x_wconf 73' lang='lat' dir='ltr'>haberet</span> <span class='ocrx_word' id='word_1_41' title='bbox 1287 1080 1326 1161; x_wconf 78' lang='lat' dir='ltr'>dt</span> <span class='ocrx_word' id='word_1_42' title='bbox 1349 1079 1422 1174; x_wconf 86' lang='lat' dir='ltr'>ipse</span> <span class='ocrx_word' id='word_1_43' title='bbox 1447 1082 1722 1177; x_wconf 79' lang='lat' dir='ltr'>praemeditatam</span> 
     </span>
     <span class='ocr_line' id='line_1_7' title="bbox 532 1175 1725 1270; baseline -0.003 -22"><span class='ocrx_word' id='word_1_44' title='bbox 532 1199 657 1250; x_wconf 78' lang='lat' dir='ltr'>eontra</span> <span class='ocrx_word' id='word_1_45' title='bbox 681 1178 878 1270; x_wconf 69' lang='lat' dir='ltr'>Zelandiam</span> <span class='ocrx_word' id='word_1_46' title='bbox 902 1175 995 1250; x_wconf 75' lang='lat' dir='ltr'>sunm</span> <span class='ocrx_word' id='word_1_47' title='bbox 1014 1178 1271 1270; x_wconf 78' lang='lat' dir='ltr'>expeditionem</span> <span class='ocrx_word' id='word_1_48' title='bbox 1288 1175 1448 1249; x_wconf 78' lang='lat' dir='ltr'>Duoore</span> <span class='ocrx_word' id='word_1_49' title='bbox 1469 1180 1549 1250; x_wconf 84' lang='lat' dir='ltr'>viee</span> <span class='ocrx_word' id='word_1_50' title='bbox 1566 1176 1725 1269; x_wconf 59' lang='lat' dir='ltr'>Admittas</span> 
     </span>
    </p>

    <p class='ocr_par' dir='ltr' id='par_1_3' title="bbox 483 1269 1738 2596">
     <span class='ocr_line' id='line_1_8' title="bbox 483 1269 1729 1366; baseline -0.004 -20"><span class='ocrx_word' id='word_1_51' title='bbox 483 1353 488 1364; x_wconf 62' lang='grc'><em>,</em></span> <span class='ocrx_word' id='word_1_52' title='bbox 532 1274 603 1356; x_wconf 85' lang='lat' dir='ltr'>lio,</span> <span class='ocrx_word' id='word_1_53' title='bbox 630 1271 691 1345; x_wconf 92' lang='lat' dir='ltr'>ubi</span> <span class='ocrx_word' id='word_1_54' title='bbox 714 1272 845 1348; x_wconf 70' lang='lat' dir='ltr'>necesse</span> <span class='ocrx_word' id='word_1_55' title='bbox 868 1273 1016 1344; x_wconf 79' lang='lat' dir='ltr'>statuti</span> <span class='ocrx_word' id='word_1_56' title='bbox 1045 1270 1207 1366; x_wconf 86' lang='lat' dir='ltr'>Hispano</span> <span class='ocrx_word' id='word_1_57' title='bbox 1231 1272 1349 1347; x_wconf 86' lang='lat' dir='ltr'>milite.</span> <span class='ocrx_word' id='word_1_58' title='bbox 1387 1269 1571 1358; x_wconf 84' lang='lat' dir='ltr'>Quamob</span> <span class='ocrx_word' id='word_1_59' title='bbox 1596 1293 1669 1342; x_wconf 85' lang='lat' dir='ltr'>rem</span> <span class='ocrx_word' id='word_1_60' title='bbox 1685 1271 1729 1342; x_wconf 81' lang='lat' dir='ltr'>in</span> 
     </span>
     <span class='ocr_line' id='line_1_9' title="bbox 535 1364 1724 1460; baseline -0.004 -18"><span class='ocrx_word' id='word_1_61' title='bbox 535 1364 728 1442; x_wconf 84' lang='lat' dir='ltr'>Hollandia</span> <span class='ocrx_word' id='word_1_62' title='bbox 751 1367 821 1438; x_wconf 82' lang='lat' dir='ltr'>sola</span> <span class='ocrx_word' id='word_1_63' title='bbox 850 1364 1049 1440; x_wconf 86' lang='lat' dir='ltr'>defenlione</span> <span class='ocrx_word' id='word_1_64' title='bbox 1069 1386 1274 1453; x_wconf 79' lang='lat' dir='ltr'>contentus,</span> <span class='ocrx_word' id='word_1_65' title='bbox 1304 1365 1435 1460; x_wconf 82' lang='lat' dir='ltr'>Hitrgio</span> <span class='ocrx_word' id='word_1_66' title='bbox 1451 1387 1583 1441; x_wconf 86' lang='lat' dir='ltr'>vocato</span> <span class='ocrx_word' id='word_1_67' title='bbox 1591 1390 1607 1452; x_wconf 55' lang='lat'>‚¹</span> <span class='ocrx_word' id='word_1_68' title='bbox 1626 1387 1724 1440; x_wconf 81' lang='lat' dir='ltr'>exet·</span> 
     </span>
     <span class='ocr_line' id='line_1_10' title="bbox 535 1458 1730 1558; baseline -0.002 -24"><span class='ocrx_word' id='word_1_69' title='bbox 535 1463 607 1534; x_wconf 83' lang='lat' dir='ltr'>citu</span> <span class='ocrx_word' id='word_1_70' title='bbox 635 1485 680 1552; x_wconf 85' lang='lat' dir='ltr'>pe</span> <span class='ocrx_word' id='word_1_71' title='bbox 703 1463 911 1558; x_wconf 80' lang='lat' dir='ltr'>opportunis</span> <span class='ocrx_word' id='word_1_72' title='bbox 930 1463 967 1532; x_wconf 89' lang='lat' dir='ltr'>in</span> <span class='ocrx_word' id='word_1_73' title='bbox 985 1463 1072 1532; x_wconf 89' lang='lat' dir='ltr'>locis</span> <span class='ocrx_word' id='word_1_74' title='bbox 1092 1511 1104 1542; x_wconf 88' lang='lat'>‚</span> <span class='ocrx_word' id='word_1_75' title='bbox 1128 1483 1203 1555; x_wconf 92' lang='lat' dir='ltr'>quo</span> <span class='ocrx_word' id='word_1_76' title='bbox 1222 1461 1377 1555; x_wconf 80' lang='lat' dir='ltr'>paratior</span> <span class='ocrx_word' id='word_1_77' title='bbox 1398 1458 1503 1542; x_wconf 76' lang='lat' dir='ltr'>effes,</span> <span class='ocrx_word' id='word_1_78' title='bbox 1523 1461 1730 1545; x_wconf 62' lang='lat' dir='ltr'>collocato,</span> 
     </span>
     <span class='ocr_line' id='line_1_11' title="bbox 534 1486 1726 1651; baseline -0.007 -19"><span class='ocrx_word' id='word_1_79' title='bbox 534 1486 723 1632; x_wconf 72' lang='lat' dir='ltr'>subbnem</span> <span class='ocrx_word' id='word_1_80' title='bbox 743 1557 867 1630; x_wconf 81' lang='lat' dir='ltr'>aestaus</span> <span class='ocrx_word' id='word_1_81' title='bbox 883 1555 1366 1642; x_wconf 78' lang='lat' dir='ltr'>‘&#39;,Sartarmelundt&#39;artversus</span> <span class='ocrx_word' id='word_1_82' title='bbox 1377 1553 1630 1651; x_wconf 72' lang='lat' dir='ltr'>profeetoseu</span> <span class='ocrx_word' id='word_1_83' title='bbox 1650 1553 1726 1629; x_wconf 62' lang='lat' dir='ltr'>Oce</span> 
     </span>
     <span class='ocr_line' id='line_1_12' title="bbox 538 1647 1730 1749; baseline -0.003 -24"><span class='ocrx_word' id='word_1_84' title='bbox 538 1675 682 1747; x_wconf 85' lang='lat' dir='ltr'>ouparat</span> <span class='ocrx_word' id='word_1_85' title='bbox 699 1653 807 1749; x_wconf 84' lang='lat' dir='ltr'>paulo</span> <span class='ocrx_word' id='word_1_86' title='bbox 821 1671 900 1724; x_wconf 85' lang='lat' dir='ltr'>ante</span> <span class='ocrx_word' id='word_1_87' title='bbox 918 1647 1046 1723; x_wconf 84' lang='lat' dir='ltr'>lniulas</span> <span class='ocrx_word' id='word_1_88' title='bbox 1062 1651 1203 1738; x_wconf 84' lang='lat' dir='ltr'>Finart,</span> <span class='ocrx_word' id='word_1_89' title='bbox 1221 1653 1259 1726; x_wconf 81' lang='grc' dir='ltr'>δι</span> <span class='ocrx_word' id='word_1_90' title='bbox 1275 1649 1423 1726; x_wconf 87' lang='lat' dir='ltr'>Clunatt</span> <span class='ocrx_word' id='word_1_91' title='bbox 1439 1654 1483 1743; x_wconf 64' lang='lat' dir='ltr'>i,</span> <span class='ocrx_word' id='word_1_92' title='bbox 1501 1651 1730 1724; x_wconf 80' lang='lat' dir='ltr'>linibusBra·</span> 
     </span>
     <span class='ocr_line' id='line_1_13' title="bbox 538 1744 1731 1841; baseline -0.005 -19"><span class='ocrx_word' id='word_1_93' title='bbox 538 1748 666 1822; x_wconf 85' lang='lat' dir='ltr'>bantiae</span> <span class='ocrx_word' id='word_1_94' title='bbox 682 1749 878 1841; x_wconf 83' lang='lat' dir='ltr'>proximas,</span> <span class='ocrx_word' id='word_1_95' title='bbox 902 1749 993 1817; x_wconf 89' lang='lat' dir='ltr'>unde</span> <span class='ocrx_word' id='word_1_96' title='bbox 1008 1750 1125 1816; x_wconf 86' lang='lat' dir='ltr'>omnia</span> <span class='ocrx_word' id='word_1_97' title='bbox 1134 1745 1309 1818; x_wconf 83' lang='lat' dir='ltr'>terrestria</span> <span class='ocrx_word' id='word_1_98' title='bbox 1323 1750 1374 1818; x_wconf 85' lang='lat' dir='ltr'>ab</span> <span class='ocrx_word' id='word_1_99' title='bbox 1385 1746 1560 1820; x_wconf 81' lang='lat' dir='ltr'>invafione</span> <span class='ocrx_word' id='word_1_100' title='bbox 1578 1744 1731 1817; x_wconf 81' lang='lat' dir='ltr'>hostium</span> 
     </span>
     <span class='ocr_line' id='line_1_14' title="bbox 540 1839 1726 1932; baseline -0.002 -19"><span class='ocrx_word' id='word_1_101' title='bbox 540 1843 726 1916; x_wconf 81' lang='lat' dir='ltr'>manebant</span> <span class='ocrx_word' id='word_1_102' title='bbox 747 1839 875 1914; x_wconf 84' lang='lat' dir='ltr'>secura.</span> <span class='ocrx_word' id='word_1_103' title='bbox 920 1840 1012 1932; x_wconf 85' lang='lat' dir='ltr'>Quae</span> <span class='ocrx_word' id='word_1_104' title='bbox 1027 1844 1144 1914; x_wconf 82' lang='lat' dir='ltr'>omnia</span> <span class='ocrx_word' id='word_1_105' title='bbox 1161 1844 1205 1916; x_wconf 81' lang='lat' dir='ltr'>td</span> <span class='ocrx_word' id='word_1_106' title='bbox 1229 1843 1440 1927; x_wconf 82' lang='lat' dir='ltr'>tendebant,</span> <span class='ocrx_word' id='word_1_107' title='bbox 1460 1865 1499 1914; x_wconf 89' lang='lat' dir='ltr'>ut</span> <span class='ocrx_word' id='word_1_108' title='bbox 1516 1843 1726 1914; x_wconf 86' lang='lat' dir='ltr'>Schouviam</span> 
     </span>
     <span class='ocr_line' id='line_1_15' title="bbox 541 1933 1736 2032; baseline 0.002 -26"><span class='ocrx_word' id='word_1_109' title='bbox 541 1935 757 2032; x_wconf 84' lang='lat' dir='ltr'>praecipnam</span> <span class='ocrx_word' id='word_1_110' title='bbox 784 1933 957 2006; x_wconf 83' lang='lat' dir='ltr'>Zelandiae</span> <span class='ocrx_word' id='word_1_111' title='bbox 991 1937 1136 2006; x_wconf 80' lang='lat' dir='ltr'>insulam</span> <span class='ocrx_word' id='word_1_112' title='bbox 1161 1938 1216 2024; x_wconf 89' lang='lat' dir='ltr'>(in</span> <span class='ocrx_word' id='word_1_113' title='bbox 1234 1934 1367 2028; x_wconf 85' lang='lat' dir='ltr'>quaest</span> <span class='ocrx_word' id='word_1_114' title='bbox 1389 1937 1516 2008; x_wconf 85' lang='lat' dir='ltr'>Zirisea</span> <span class='ocrx_word' id='word_1_115' title='bbox 1531 1935 1736 2032; x_wconf 80' lang='lat' dir='ltr'>oppidum)¹</span> 
     </span>
     <span class='ocr_line' id='line_1_16' title="bbox 541 2029 1733 2124; baseline 0 -22"><span class='ocrx_word' id='word_1_116' title='bbox 541 2032 733 2104; x_wconf 79' lang='lat' dir='ltr'>invaderet</span> <span class='ocrx_word' id='word_1_117' title='bbox 758 2029 881 2104; x_wconf 75' lang='lat' dir='ltr'>Habet</span> <span class='ocrx_word' id='word_1_118' title='bbox 895 2032 971 2101; x_wconf 86' lang='lat' dir='ltr'>lraec</span> <span class='ocrx_word' id='word_1_119' title='bbox 985 2053 1055 2101; x_wconf 88' lang='lat' dir='ltr'>tam</span> <span class='ocrx_word' id='word_1_120' title='bbox 1071 2029 1136 2102; x_wconf 80' lang='lat' dir='ltr'>fibi</span> <span class='ocrx_word' id='word_1_121' title='bbox 1149 2033 1379 2124; x_wconf 81' lang='lat' dir='ltr'>propinquam</span> <span class='ocrx_word' id='word_1_122' title='bbox 1403 2031 1674 2114; x_wconf 84' lang='lat' dir='ltr'>Duvelandianr‚</span> <span class='ocrx_word' id='word_1_123' title='bbox 1689 2050 1733 2102; x_wconf 87' lang='lat' dir='ltr'>uc</span> 
     </span>
     <span class='ocr_line' id='line_1_17' title="bbox 543 2123 1737 2219; baseline 0 -21"><span class='ocrx_word' id='word_1_124' title='bbox 543 2123 717 2198; x_wconf 85' lang='lat' dir='ltr'>defluente</span> <span class='ocrx_word' id='word_1_125' title='bbox 735 2127 883 2208; x_wconf 71' lang='lat' dir='ltr'>marien</span> <span class='ocrx_word' id='word_1_126' title='bbox 898 2125 968 2198; x_wconf 80' lang='lat' dir='ltr'>unit</span> <span class='ocrx_word' id='word_1_127' title='bbox 988 2125 1025 2195; x_wconf 86' lang='lat' dir='ltr'>iu</span> <span class='ocrx_word' id='word_1_128' title='bbox 1042 2127 1182 2197; x_wconf 83' lang='lat' dir='ltr'>alteram</span> <span class='ocrx_word' id='word_1_129' title='bbox 1202 2124 1308 2199; x_wconf 68' lang='lat' dir='ltr'>facile</span> <span class='ocrx_word' id='word_1_130' title='bbox 1326 2149 1444 2219; x_wconf 78' lang='lat' dir='ltr'>pateat</span> <span class='ocrx_word' id='word_1_131' title='bbox 1459 2125 1737 2216; x_wconf 56' lang='lat' dir='ltr'>transumunt&amp;</span> 
     </span>
     <span class='ocr_line' id='line_1_18' title="bbox 543 2219 1731 2314; baseline -0.001 -22"><span class='ocrx_word' id='word_1_132' title='bbox 543 2243 669 2314; x_wconf 86' lang='lat' dir='ltr'>quum,</span> <span class='ocrx_word' id='word_1_133' title='bbox 694 2220 731 2294; x_wconf 77' lang='lat' dir='ltr'>dc</span> <span class='ocrx_word' id='word_1_134' title='bbox 749 2219 1071 2294; x_wconf 83' lang='lat' dir='ltr'>Santannelandiam</span> <span class='ocrx_word' id='word_1_135' title='bbox 1082 2267 1094 2306; x_wconf 90' lang='lat'><em>,</em></span> <span class='ocrx_word' id='word_1_136' title='bbox 1119 2221 1181 2293; x_wconf 92' lang='lat' dir='ltr'>ubi</span> <span class='ocrx_word' id='word_1_137' title='bbox 1204 2238 1278 2294; x_wconf 83' lang='lat' dir='ltr'>erat</span> <span class='ocrx_word' id='word_1_138' title='bbox 1296 2225 1543 2314; x_wconf 72' lang='lat' dir='ltr'>Repuesorrniur,</span> <span class='ocrx_word' id='word_1_139' title='bbox 1562 2219 1731 2296; x_wconf 86' lang='lat' dir='ltr'>interfluit</span> 
     </span>
     <span class='ocr_line' id='line_1_19' title="bbox 541 2316 1738 2412; baseline -0.001 -24"><span class='ocrx_word' id='word_1_140' title='bbox 541 2338 637 2388; x_wconf 85' lang='lat' dir='ltr'>mare</span> <span class='ocrx_word' id='word_1_141' title='bbox 664 2367 679 2386; x_wconf 94' lang='lat'>..</span> <span class='ocrx_word' id='word_1_142' title='bbox 698 2368 714 2402; x_wconf 79' lang='lat'><strong>,</strong></span> <span class='ocrx_word' id='word_1_143' title='bbox 735 2369 747 2387; x_wconf 83' lang='lat'><strong>.</strong></span> <span class='ocrx_word' id='word_1_144' title='bbox 772 2363 781 2384; x_wconf 87' lang='lat'><strong>.</strong></span> <span class='ocrx_word' id='word_1_145' title='bbox 805 2367 813 2386; x_wconf 89' lang='lat'>.</span> <span class='ocrx_word' id='word_1_146' title='bbox 841 2369 851 2388; x_wconf 89' lang='lat'><strong>.</strong></span> <span class='ocrx_word' id='word_1_147' title='bbox 875 2365 884 2386; x_wconf 91' lang='lat'>.</span> <span class='ocrx_word' id='word_1_148' title='bbox 910 2316 1121 2402; x_wconf 82' lang='lat' dir='ltr'>miliarium,</span> <span class='ocrx_word' id='word_1_149' title='bbox 1144 2318 1243 2410; x_wconf 77' lang='lat' dir='ltr'>quod</span> <span class='ocrx_word' id='word_1_150' title='bbox 1275 2321 1434 2412; x_wconf 79' lang='lat' dir='ltr'>quamuis</span> <span class='ocrx_word' id='word_1_151' title='bbox 1461 2318 1599 2412; x_wconf 82' lang='lat' dir='ltr'>navigia</span> <span class='ocrx_word' id='word_1_152' title='bbox 1624 2320 1738 2410; x_wconf 85' lang='lat' dir='ltr'>pleno&#39;</span> 
     </span>
     <span class='ocr_line' id='line_1_20' title="bbox 543 2405 1732 2508; baseline 0.003 -25"><span class='ocrx_word' id='word_1_153' title='bbox 543 2411 649 2483; x_wconf 87' lang='lat' dir='ltr'>maris</span> <span class='ocrx_word' id='word_1_154' title='bbox 674 2405 759 2482; x_wconf 82' lang='lat' dir='ltr'>aestu</span> <span class='ocrx_word' id='word_1_155' title='bbox 771 2431 971 2505; x_wconf 88' lang='lat' dir='ltr'>pateretur,</span> <span class='ocrx_word' id='word_1_156' title='bbox 989 2432 1034 2482; x_wconf 91' lang='lat' dir='ltr'>eo</span> <span class='ocrx_word' id='word_1_157' title='bbox 1052 2433 1166 2484; x_wconf 87' lang='lat' dir='ltr'>tamen</span> <span class='ocrx_word' id='word_1_158' title='bbox 1188 2410 1354 2486; x_wconf 77' lang='lat' dir='ltr'>refluente</span> <span class='ocrx_word' id='word_1_159' title='bbox 1378 2413 1553 2507; x_wconf 84' lang='lat' dir='ltr'>peditibus</span> <span class='ocrx_word' id='word_1_160' title='bbox 1576 2413 1732 2508; x_wconf 79' lang='lat' dir='ltr'>praebere</span> 
     </span>
     <span class='ocr_line' id='line_1_21' title="bbox 544 2505 1601 2596; baseline 0 -16"><span class='ocrx_word' id='word_1_161' title='bbox 544 2505 793 2591; x_wconf 90' lang='lat' dir='ltr'>consueverat,</span> <span class='ocrx_word' id='word_1_162' title='bbox 813 2509 897 2579; x_wconf 89' lang='lat' dir='ltr'>dum</span> <span class='ocrx_word' id='word_1_163' title='bbox 917 2506 1144 2596; x_wconf 89' lang='lat' dir='ltr'>tempestive,</span> <span class='ocrx_word' id='word_1_164' title='bbox 1166 2530 1208 2579; x_wconf 86' lang='lat' dir='ltr'>ac</span> <span class='ocrx_word' id='word_1_165' title='bbox 1222 2509 1378 2582; x_wconf 81' lang='lat' dir='ltr'>celeriter</span> <span class='ocrx_word' id='word_1_166' title='bbox 1390 2529 1601 2591; x_wconf 76' lang='lat' dir='ltr'>tentaretur.</span> 
     </span>
    </p>

    <p class='ocr_par' dir='ltr' id='par_1_4' title="bbox 544 2599 1847 2884">
     <span class='ocr_line' id='line_1_22' title="bbox 593 2599 1738 2698; baseline 0.002 -24"><span class='ocrx_word' id='word_1_167' title='bbox 593 2599 673 2674; x_wconf 88' lang='lat' dir='ltr'>XV.</span> <span class='ocrx_word' id='word_1_168' title='bbox 700 2599 785 2688; x_wconf 80' lang='lat' dir='ltr'>Qua</span> <span class='ocrx_word' id='word_1_169' title='bbox 810 2621 878 2674; x_wconf 83' lang='lat' dir='ltr'>tam</span> <span class='ocrx_word' id='word_1_170' title='bbox 898 2601 1122 2674; x_wconf 87' lang='lat' dir='ltr'>incommoda</span> <span class='ocrx_word' id='word_1_171' title='bbox 1134 2604 1198 2674; x_wconf 86' lang='lat' dir='ltr'>via</span> <span class='ocrx_word' id='word_1_172' title='bbox 1212 2607 1383 2676; x_wconf 81' lang='lat' dir='ltr'>exercitur</span> <span class='ocrx_word' id='word_1_173' title='bbox 1407 2605 1542 2687; x_wconf 82' lang='lat' dir='ltr'>iturus,</span> <span class='ocrx_word' id='word_1_174' title='bbox 1567 2627 1610 2676; x_wconf 88' lang='lat' dir='ltr'>ea</span> <span class='ocrx_word' id='word_1_175' title='bbox 1631 2601 1738 2698; x_wconf 55' lang='lat' dir='ltr'>supe*</span> 
     </span>
     <span class='ocr_line' id='line_1_23' title="bbox 544 2693 1741 2790; baseline 0 -20"><span class='ocrx_word' id='word_1_176' title='bbox 544 2715 638 2779; x_wconf 82' lang='lat' dir='ltr'>rata,</span> <span class='ocrx_word' id='word_1_177' title='bbox 662 2719 734 2768; x_wconf 90' lang='lat' dir='ltr'>non</span> <span class='ocrx_word' id='word_1_178' title='bbox 758 2699 939 2787; x_wconf 83' lang='lat' dir='ltr'>minorem.</span> <span class='ocrx_word' id='word_1_179' title='bbox 958 2693 1164 2790; x_wconf 69' lang='lat' dir='ltr'>expedlabat</span> <span class='ocrx_word' id='word_1_180' title='bbox 1187 2696 1422 2770; x_wconf 85' lang='lat' dir='ltr'>difficultatem</span> <span class='ocrx_word' id='word_1_181' title='bbox 1431 2722 1449 2769; x_wconf 73' lang='grc' dir='ltr'>ι.</span> <span class='ocrx_word' id='word_1_182' title='bbox 1466 2698 1623 2770; x_wconf 66' lang='grc' dir='ltr'>Λυταίου</span> <span class='ocrx_word' id='word_1_183' title='bbox 1639 2701 1741 2770; x_wconf 50' lang='lat' dir='ltr'>enim«</span> 
     </span>
     <span class='ocr_line' id='line_1_24' title="bbox 546 2787 1847 2884; baseline -0.002 -20"><span class='ocrx_word' id='word_1_184' title='bbox 546 2792 692 2884; x_wconf 81' lang='lat' dir='ltr'>cognito</span> <span class='ocrx_word' id='word_1_185' title='bbox 719 2787 923 2884; x_wconf 81' lang='lat' dir='ltr'>Requtstnnr&#39;i</span> <span class='ocrx_word' id='word_1_186' title='bbox 950 2789 1118 2876; x_wconf 76' lang='lat' dir='ltr'>consilio,</span> <span class='ocrx_word' id='word_1_187' title='bbox 1151 2795 1187 2863; x_wconf 92' lang='lat' dir='ltr'>in</span> <span class='ocrx_word' id='word_1_188' title='bbox 1215 2791 1329 2864; x_wconf 80' lang='lat' dir='ltr'>Insula</span> <span class='ocrx_word' id='word_1_189' title='bbox 1358 2793 1509 2864; x_wconf 78' lang='lat' dir='ltr'>babebat</span> <span class='ocrx_word' id='word_1_190' title='bbox 1546 2796 1662 2881; x_wconf 87' lang='lat' dir='ltr'>mille,</span> <span class='ocrx_word' id='word_1_191' title='bbox 1694 2796 1731 2866; x_wconf 81' lang='lat' dir='ltr'>dt</span> <span class='ocrx_word' id='word_1_192' title='bbox 1840 2849 1847 2861; x_wconf 92' lang='lat'><strong>.</strong></span> 
     </span>
    </p>

    <p class='ocr_par' dir='ltr' id='par_1_5' title="bbox 363 2883 1746 3926">
     <span class='ocr_line' id='line_1_25' title="bbox 572 2883 1742 2982; baseline 0.002 -25"><span class='ocrx_word' id='word_1_193' title='bbox 572 2888 756 2978; x_wconf 84' lang='lat' dir='ltr'>uingentos</span> <span class='ocrx_word' id='word_1_194' title='bbox 778 2887 903 2968; x_wconf 75' lang='lat' dir='ltr'>militer</span> <span class='ocrx_word' id='word_1_195' title='bbox 935 2883 1003 2956; x_wconf 85' lang='lat' dir='ltr'>suis</span> <span class='ocrx_word' id='word_1_196' title='bbox 1025 2889 1063 2958; x_wconf 90' lang='lat' dir='ltr'>in</span> <span class='ocrx_word' id='word_1_197' title='bbox 1094 2889 1342 2961; x_wconf 86' lang='lat' dir='ltr'>munitionibus</span> <span class='ocrx_word' id='word_1_198' title='bbox 1375 2888 1587 2980; x_wconf 68' lang='lat' dir='ltr'>disposrtos,</span> <span class='ocrx_word' id='word_1_199' title='bbox 1603 2887 1742 2982; x_wconf 66' lang='lat' dir='ltr'>quibus</span> 
     </span>
     <span class='ocr_line' id='line_1_26' title="bbox 544 2909 1733 3076; baseline 0.003 -25"><span class='ocrx_word' id='word_1_200' title='bbox 544 2909 611 3052; x_wconf 54' lang='lat' dir='ltr'>ibi</span> <span class='ocrx_word' id='word_1_201' title='bbox 628 2977 857 3072; x_wconf 81' lang='lat' dir='ltr'>persuadebat</span> <span class='ocrx_word' id='word_1_202' title='bbox 874 2977 1004 3072; x_wconf 82' lang='lat' dir='ltr'>Regios</span> <span class='ocrx_word' id='word_1_203' title='bbox 1020 2979 1148 3073; x_wconf 76' lang='lat' dir='ltr'>longo,</span> <span class='ocrx_word' id='word_1_204' title='bbox 1172 3005 1213 3055; x_wconf 89' lang='lat' dir='ltr'>ac</span> <span class='ocrx_word' id='word_1_205' title='bbox 1237 2983 1439 3056; x_wconf 87' lang='lat' dir='ltr'>difficillimo</span> <span class='ocrx_word' id='word_1_206' title='bbox 1456 2987 1618 3076; x_wconf 87' lang='lat' dir='ltr'>aquatico</span> <span class='ocrx_word' id='word_1_207' title='bbox 1634 2987 1733 3056; x_wconf 88' lang='lat' dir='ltr'>itine-</span> 
     </span>
     <span class='ocr_line' id='line_1_27' title="bbox 546 3069 1746 3171; baseline 0.003 -25"><span class='ocrx_word' id='word_1_208' title='bbox 546 3069 726 3159; x_wconf 73' lang='lat' dir='ltr'>rennos,</span> <span class='ocrx_word' id='word_1_209' title='bbox 759 3098 800 3147; x_wconf 88' lang='lat' dir='ltr'>ac</span> <span class='ocrx_word' id='word_1_210' title='bbox 824 3075 1021 3160; x_wconf 83' lang='lat' dir='ltr'>madentes,</span> <span class='ocrx_word' id='word_1_211' title='bbox 1054 3075 1155 3150; x_wconf 87' lang='lat' dir='ltr'>facile</span> <span class='ocrx_word' id='word_1_212' title='bbox 1178 3078 1222 3152; x_wconf 90' lang='lat' dir='ltr'>ab</span> <span class='ocrx_word' id='word_1_213' title='bbox 1247 3076 1365 3150; x_wconf 84' lang='lat' dir='ltr'>insulae</span> <span class='ocrx_word' id='word_1_214' title='bbox 1396 3079 1529 3151; x_wconf 77' lang='lat' dir='ltr'>accello</span> <span class='ocrx_word' id='word_1_215' title='bbox 1554 3079 1746 3171; x_wconf 81' lang='lat' dir='ltr'>prohiberi·-</span> 
     </span>
     <span class='ocr_line' id='line_1_28' title="bbox 544 3165 1732 3268; baseline 0.004 -29"><span class='ocrx_word' id='word_1_216' title='bbox 544 3165 669 3264; x_wconf 65' lang='lat' dir='ltr'>poffe,</span> <span class='ocrx_word' id='word_1_217' title='bbox 688 3191 778 3262; x_wconf 85' lang='lat' dir='ltr'>quos</span> <span class='ocrx_word' id='word_1_218' title='bbox 805 3167 925 3262; x_wconf 82' lang='lat' dir='ltr'>Regiis</span> <span class='ocrx_word' id='word_1_219' title='bbox 955 3169 1097 3242; x_wconf 87' lang='lat' dir='ltr'>vincere</span> <span class='ocrx_word' id='word_1_220' title='bbox 1125 3192 1200 3245; x_wconf 83' lang='lat' dir='ltr'>erat</span> <span class='ocrx_word' id='word_1_221' title='bbox 1225 3171 1380 3260; x_wconf 61' lang='lat' dir='ltr'>raccolse)</span> <span class='ocrx_word' id='word_1_222' title='bbox 1414 3197 1475 3245; x_wconf 90' lang='lat' dir='ltr'>aut</span> <span class='ocrx_word' id='word_1_223' title='bbox 1498 3175 1658 3245; x_wconf 86' lang='lat' dir='ltr'>omnibus</span> <span class='ocrx_word' id='word_1_224' title='bbox 1674 3199 1732 3268; x_wconf 67' lang='lat' dir='ltr'>pe÷</span> 
     </span>
     <span class='ocr_line' id='line_1_29' title="bbox 545 3263 1744 3360; baseline 0.005 -24"><span class='ocrx_word' id='word_1_225' title='bbox 545 3265 638 3348; x_wconf 82' lang='lat' dir='ltr'>rire,</span> <span class='ocrx_word' id='word_1_226' title='bbox 661 3286 739 3336; x_wconf 87' lang='lat' dir='ltr'>cum</span> <span class='ocrx_word' id='word_1_227' title='bbox 755 3263 905 3360; x_wconf 73' lang='lat' dir='ltr'>reditum</span> <span class='ocrx_word' id='word_1_228' title='bbox 923 3267 1021 3338; x_wconf 91' lang='lat' dir='ltr'>nullo</span> <span class='ocrx_word' id='word_1_229' title='bbox 1043 3268 1150 3338; x_wconf 89' lang='lat' dir='ltr'>modo</span> <span class='ocrx_word' id='word_1_230' title='bbox 1164 3287 1342 3359; x_wconf 84' lang='lat' dir='ltr'>pateretur</span> <span class='ocrx_word' id='word_1_231' title='bbox 1358 3265 1485 3340; x_wconf 83' lang='lat' dir='ltr'>refluus</span> <span class='ocrx_word' id='word_1_232' title='bbox 1504 3271 1610 3340; x_wconf 82' lang='lat' dir='ltr'>maris</span> <span class='ocrx_word' id='word_1_233' title='bbox 1624 3271 1744 3342; x_wconf 67' lang='lat' dir='ltr'>aestus.</span> 
     </span>
     <span class='ocr_line' id='line_1_30' title="bbox 545 3355 1736 3458; baseline 0.001 -26"><span class='ocrx_word' id='word_1_234' title='bbox 545 3355 635 3432; x_wconf 85' lang='lat' dir='ltr'>Erat</span> <span class='ocrx_word' id='word_1_235' title='bbox 663 3382 718 3432; x_wconf 84' lang='lat' dir='ltr'>res</span> <span class='ocrx_word' id='word_1_236' title='bbox 734 3361 858 3452; x_wconf 86' lang='lat' dir='ltr'>procul</span> <span class='ocrx_word' id='word_1_237' title='bbox 880 3359 988 3430; x_wconf 89' lang='lat' dir='ltr'>dubio</span> <span class='ocrx_word' id='word_1_238' title='bbox 1002 3361 1137 3458; x_wconf 39' lang='lat' dir='ltr'>,incerti</span> <span class='ocrx_word' id='word_1_239' title='bbox 1160 3363 1344 3436; x_wconf 85' lang='lat' dir='ltr'>admodum</span> <span class='ocrx_word' id='word_1_240' title='bbox 1367 3361 1555 3447; x_wconf 75' lang='lat' dir='ltr'>sacceum,</span> <span class='ocrx_word' id='word_1_241' title='bbox 1581 3364 1736 3437; x_wconf 82' lang='lat' dir='ltr'>maximi.-</span> 
     </span>
     <span class='ocr_line' id='line_1_31' title="bbox 547 3453 1737 3553; baseline 0.005 -29"><span class='ocrx_word' id='word_1_242' title='bbox 547 3475 617 3550; x_wconf 89' lang='lat' dir='ltr'>que</span> <span class='ocrx_word' id='word_1_243' title='bbox 676 3455 806 3528; x_wconf 87' lang='lat' dir='ltr'>ericuli.</span> <span class='ocrx_word' id='word_1_244' title='bbox 855 3453 960 3528; x_wconf 89' lang='lat' dir='ltr'>Vicit.</span> <span class='ocrx_word' id='word_1_245' title='bbox 986 3473 1104 3528; x_wconf 88' lang='lat' dir='ltr'>tamen</span> <span class='ocrx_word' id='word_1_246' title='bbox 1126 3459 1276 3530; x_wconf 86' lang='lat' dir='ltr'>militum</span> <span class='ocrx_word' id='word_1_247' title='bbox 1306 3460 1416 3533; x_wconf 86' lang='lat' dir='ltr'>virtus</span> <span class='ocrx_word' id='word_1_248' title='bbox 1429 3483 1448 3532; x_wconf 75' lang='grc' dir='ltr'>τ.</span> <span class='ocrx_word' id='word_1_249' title='bbox 1470 3462 1737 3553; x_wconf 86' lang='lat' dir='ltr'>quatuordecim</span> 
     </span>
     <span class='ocr_line' id='line_1_32' title="bbox 547 3546 1736 3640; baseline 0.006 -18"><span class='ocrx_word' id='word_1_250' title='bbox 547 3549 639 3622; x_wconf 90' lang='lat' dir='ltr'>enim</span> <span class='ocrx_word' id='word_1_251' title='bbox 702 3546 917 3640; x_wconf 70' lang='lat' dir='ltr'>ripariorum,</span> <span class='ocrx_word' id='word_1_252' title='bbox 949 3549 987 3622; x_wconf 90' lang='lat'>&amp;</span> <span class='ocrx_word' id='word_1_253' title='bbox 1021 3548 1099 3621; x_wconf 87' lang='lat' dir='ltr'>duae</span> <span class='ocrx_word' id='word_1_254' title='bbox 1126 3550 1382 3628; x_wconf 87' lang='lat' dir='ltr'>Germanorum</span> <span class='ocrx_word' id='word_1_255' title='bbox 1407 3557 1596 3638; x_wconf 82' lang='lat' dir='ltr'>cohortes,</span> <span class='ocrx_word' id='word_1_256' title='bbox 1634 3553 1736 3630; x_wconf 82' lang='lat' dir='ltr'>Duce</span> 
     </span>
     <span class='ocr_line' id='line_1_33' title="bbox 373 3641 1738 3744; baseline 0.002 -26"><span class='ocrx_word' id='word_1_257' title='bbox 373 3669 505 3744; x_wconf 59' lang='grc' dir='ltr'>ιῃρηοῑ.</span> <span class='ocrx_word' id='word_1_258' title='bbox 547 3643 675 3738; x_wconf 76' lang='lat' dir='ltr'>Joannr</span> <span class='ocrx_word' id='word_1_259' title='bbox 696 3643 802 3734; x_wconf 84' lang='lat' dir='ltr'>Osotio</span> <span class='ocrx_word' id='word_1_260' title='bbox 827 3647 852 3736; x_wconf 67' lang='lat' dir='ltr'>l</span> <span class='ocrx_word' id='word_1_261' title='bbox 872 3641 1054 3738; x_wconf 81' lang='lat' dir='ltr'>Hispano,</span> <span class='ocrx_word' id='word_1_262' title='bbox 1080 3646 1190 3718; x_wconf 87' lang='lat' dir='ltr'>nobili</span> <span class='ocrx_word' id='word_1_263' title='bbox 1216 3650 1360 3737; x_wconf 80' lang='lat' dir='ltr'>animo,</span> <span class='ocrx_word' id='word_1_264' title='bbox 1385 3653 1479 3722; x_wconf 89' lang='lat' dir='ltr'>vado</span> <span class='ocrx_word' id='word_1_265' title='bbox 1503 3648 1539 3721; x_wconf 85' lang='lat' dir='ltr'>se</span> <span class='ocrx_word' id='word_1_266' title='bbox 1562 3653 1738 3734; x_wconf 80' lang='lat' dir='ltr'>commise-</span> 
     </span>
     <span class='ocr_line' id='line_1_34' title="bbox 366 3735 1735 3880; baseline -0.005 -56"><span class='ocrx_word' id='word_1_267' title='bbox 366 3741 515 3880; x_wconf 59' lang='lat' dir='ltr'>sztefti·</span> <span class='ocrx_word' id='word_1_268' title='bbox 547 3763 604 3823; x_wconf 74' lang='lat' dir='ltr'>re,</span> <span class='ocrx_word' id='word_1_269' title='bbox 630 3735 787 3833; x_wconf 79' lang='lat' dir='ltr'>quamvls</span> <span class='ocrx_word' id='word_1_270' title='bbox 809 3737 854 3811; x_wconf 81' lang='lat' dir='ltr'>ad</span> <span class='ocrx_word' id='word_1_271' title='bbox 876 3740 1054 3834; x_wconf 83' lang='lat' dir='ltr'>cingulum</span> <span class='ocrx_word' id='word_1_272' title='bbox 1070 3739 1202 3836; x_wconf 86' lang='lat' dir='ltr'>usque,</span> <span class='ocrx_word' id='word_1_273' title='bbox 1226 3765 1330 3837; x_wconf 85' lang='lat' dir='ltr'>atque</span> <span class='ocrx_word' id='word_1_274' title='bbox 1355 3747 1458 3816; x_wconf 84' lang='lat' dir='ltr'>etiam</span> <span class='ocrx_word' id='word_1_275' title='bbox 1485 3745 1632 3837; x_wconf 82' lang='lat' dir='ltr'>amplius</span> <span class='ocrx_word' id='word_1_276' title='bbox 1655 3766 1735 3818; x_wconf 79' lang='lat' dir='ltr'>ante</span> 
     </span>
     <span class='ocr_line' id='line_1_35' title="bbox 363 3821 1735 3926; baseline 0 -16"><span class='ocrx_word' id='word_1_277' title='bbox 363 3821 407 3899; x_wconf 77' lang='lat' dir='ltr'>fio</span> <span class='ocrx_word' id='word_1_278' title='bbox 436 3824 516 3884; x_wconf 68' lang='lat' dir='ltr'>tract·</span> <span class='ocrx_word' id='word_1_279' title='bbox 547 3831 742 3910; x_wconf 70' lang='lat' dir='ltr'>confectum</span> <span class='ocrx_word' id='word_1_280' title='bbox 760 3835 825 3907; x_wconf 91' lang='lat' dir='ltr'>iter</span> <span class='ocrx_word' id='word_1_281' title='bbox 839 3835 1072 3926; x_wconf 84' lang='lat' dir='ltr'>tingerentur:</span> <span class='ocrx_word' id='word_1_282' title='bbox 1097 3837 1205 3913; x_wconf 87' lang='lat' dir='ltr'>itaut</span> <span class='ocrx_word' id='word_1_283' title='bbox 1228 3841 1308 3912; x_wconf 88' lang='lat' dir='ltr'>duae</span> <span class='ocrx_word' id='word_1_284' title='bbox 1330 3842 1511 3921; x_wconf 81' lang='lat' dir='ltr'>cobortes,</span> <span class='ocrx_word' id='word_1_285' title='bbox 1587 3861 1617 3910; x_wconf 84' lang='lat' dir='ltr'>ae</span> <span class='ocrx_word' id='word_1_286' title='bbox 1636 3859 1735 3912; x_wconf 85' lang='lat' dir='ltr'>erant</span> 
     </span>
    </p>

    <p class='ocr_par' dir='ltr' id='par_1_6' title="bbox 374 3915 1737 4023">
     <span class='ocr_line' id='line_1_36' title="bbox 374 3915 1737 4023; baseline -0.001 -18"><span class='ocrx_word' id='word_1_287' title='bbox 374 3915 442 3964; x_wconf 44' lang='grc' dir='ltr'>’Μ</span> <span class='ocrx_word' id='word_1_288' title='bbox 547 3931 585 4006; x_wconf 91' lang='lat' dir='ltr'>in</span> <span class='ocrx_word' id='word_1_289' title='bbox 605 3927 783 4002; x_wconf 82' lang='lat' dir='ltr'>noviffimo</span> <span class='ocrx_word' id='word_1_290' title='bbox 806 3932 961 4023; x_wconf 81' lang='lat' dir='ltr'>agmine,</span> <span class='ocrx_word' id='word_1_291' title='bbox 987 3931 1035 4003; x_wconf 91' lang='lat' dir='ltr'>ob</span> <span class='ocrx_word' id='word_1_292' title='bbox 1048 3931 1266 4009; x_wconf 84' lang='lat' dir='ltr'>altitudinem</span> <span class='ocrx_word' id='word_1_293' title='bbox 1286 3939 1389 4008; x_wconf 84' lang='lat' dir='ltr'>maris</span> <span class='ocrx_word' id='word_1_294' title='bbox 1412 3932 1524 4007; x_wconf 74' lang='lat' dir='ltr'>contii</span> <span class='ocrx_word' id='word_1_295' title='bbox 1554 3936 1667 4007; x_wconf 89' lang='lat' dir='ltr'>uorint</span> <span class='ocrx_word' id='word_1_296' title='bbox 1683 3957 1737 4006; x_wconf 81' lang='lat' dir='ltr'>re·</span> 
     </span>
    </p>

    <p class='ocr_par' dir='ltr' id='par_1_7' title="bbox 549 4021 1737 4125">
     <span class='ocr_line' id='line_1_37' title="bbox 549 4021 1737 4125; baseline 0.001 -26"><span class='ocrx_word' id='word_1_297' title='bbox 549 4027 660 4099; x_wconf 87' lang='lat' dir='ltr'>ditum</span> <span class='ocrx_word' id='word_1_298' title='bbox 677 4025 898 4111; x_wconf 78' lang='lat' dir='ltr'>accelerare..</span> <span class='ocrx_word' id='word_1_299' title='bbox 912 4021 1089 4122; x_wconf 76' lang='lat' dir='ltr'>edentque</span> <span class='ocrx_word' id='word_1_300' title='bbox 1111 4052 1281 4124; x_wconf 87' lang='lat' dir='ltr'>praeterea</span> <span class='ocrx_word' id='word_1_301' title='bbox 1306 4027 1470 4125; x_wconf 84' lang='lat' dir='ltr'>dispofita</span> <span class='ocrx_word' id='word_1_302' title='bbox 1498 4028 1648 4102; x_wconf 83' lang='lat' dir='ltr'>bostium</span> <span class='ocrx_word' id='word_1_303' title='bbox 1677 4053 1737 4103; x_wconf 86' lang='lat' dir='ltr'>na.-</span> 
     </span>
    </p>

    <p class='ocr_par' dir='ltr' id='par_1_8' title="bbox 546 4119 1737 4223">
     <span class='ocr_line' id='line_1_38' title="bbox 546 4119 1737 4223; baseline 0.004 -31"><span class='ocrx_word' id='word_1_304' title='bbox 546 4119 663 4223; x_wconf 54' lang='lat' dir='ltr'>‚sigim</span> <span class='ocrx_word' id='word_1_305' title='bbox 686 4142 764 4212; x_wconf 85' lang='lat' dir='ltr'>quae</span> <span class='ocrx_word' id='word_1_306' title='bbox 786 4145 907 4200; x_wconf 85' lang='lat' dir='ltr'>euntes</span> <span class='ocrx_word' id='word_1_307' title='bbox 932 4124 1112 4196; x_wconf 89' lang='lat' dir='ltr'>tormentis</span> <span class='ocrx_word' id='word_1_308' title='bbox 1136 4125 1268 4199; x_wconf 86' lang='lat' dir='ltr'>bellicis</span> <span class='ocrx_word' id='word_1_309' title='bbox 1290 4129 1442 4200; x_wconf 72' lang='lat' dir='ltr'>aslauere</span> <span class='ocrx_word' id='word_1_310' title='bbox 1470 4123 1663 4207; x_wconf 82' lang='lat' dir='ltr'>feriebant,</span> <span class='ocrx_word' id='word_1_311' title='bbox 1685 4127 1737 4197; x_wconf 83' lang='lat' dir='ltr'>ita</span> 
     </span>
    </p>

    <p class='ocr_par' dir='ltr' id='par_1_9' title="bbox 548 4215 1896 4320">
     <span class='ocr_line' id='line_1_39' title="bbox 548 4215 1896 4320; baseline -0.001 -28"><span class='ocrx_word' id='word_1_312' title='bbox 548 4235 599 4292; x_wconf 84' lang='lat' dir='ltr'>ut.</span> <span class='ocrx_word' id='word_1_313' title='bbox 617 4215 747 4290; x_wconf 80' lang='lat' dir='ltr'>multos</span> <span class='ocrx_word' id='word_1_314' title='bbox 769 4217 928 4316; x_wconf 81' lang='lat' dir='ltr'>interque</span> <span class='ocrx_word' id='word_1_315' title='bbox 960 4217 1051 4291; x_wconf 77' lang='lat' dir='ltr'>alios</span> <span class='ocrx_word' id='word_1_316' title='bbox 1065 4215 1206 4314; x_wconf 74' lang='lat' dir='ltr'>lfidrm</span> <span class='ocrx_word' id='word_1_317' title='bbox 1227 4221 1404 4298; x_wconf 75' lang='lat' dir='ltr'>Potitium</span> <span class='ocrx_word' id='word_1_318' title='bbox 1429 4219 1612 4298; x_wconf 68' lang='lat' dir='ltr'>lethaliter</span> <span class='ocrx_word' id='word_1_319' title='bbox 1632 4218 1739 4292; x_wconf 56' lang='lat' dir='ltr'>laedor</span> <span class='ocrx_word' id='word_1_320' title='bbox 1888 4293 1896 4320; x_wconf 36' lang='grc'>1</span> 
     </span>
    </p>

    <p class='ocr_par' dir='ltr' id='par_1_10' title="bbox 1554 4333 1896 4401">
     <span class='ocr_line' id='line_1_40' title="bbox 1554 4333 1896 4401; baseline 0.003 -16"><span class='ocrx_word' id='word_1_321' title='bbox 1554 4378 1557 4385; x_wconf 92' lang='grc'>.</span> <span class='ocrx_word' id='word_1_322' title='bbox 1642 4336 1745 4401; x_wconf 62' lang='lat' dir='ltr'>tenu</span> <span class='ocrx_word' id='word_1_323' title='bbox 1894 4333 1896 4354; x_wconf 71' lang='lat'>²</span> 
     </span>
    </p>
   </div>
   <div class='ocr_carea' id='block_1_3' title="bbox 563 4405 1825 4512">
    <p class='ocr_par' dir='ltr' id='par_1_11' title="bbox 563 4405 1825 4512">
     <span class='ocr_line' id='line_1_41' title="bbox 563 4405 1825 4512; baseline 0 -21"><span class='ocrx_word' id='word_1_324' title='bbox 563 4405 1760 4512; x_wconf 39' lang='lat' dir='ltr'>ffiAuneliudfclundett.{IoanntsOlotiusUllouliomSttodoffi</span> <span class='ocrx_word' id='word_1_325' title='bbox 1818 4461 1825 4474; x_wconf 91' lang='lat'><strong>·</strong></span> 
     </span>
    </p>
   </div>
   <div class='ocr_carea' id='block_1_4' title="bbox 0 0 2017 5167">
    <p class='ocr_par' dir='ltr' id='par_1_12' title="bbox 0 0 2017 5167">
     <span class='ocr_line' id='line_1_42' title="bbox 0 0 2017 5167; baseline 0 0"><span class='ocrx_word' id='word_1_326' title='bbox 0 0 2017 5167; x_wconf 95' lang='lat' dir='ltr'> </span> 
     </span>
    </p>
   </div>
  </div>
 </body>
</html>
