3984 5167
370 541 664 649 cinna
713 532 1215 653 Quatenus.
1328 508 1415 645 ιμ’

220 754 404 843 medente
422 727 585 824 marein,
608 739 646 809 in
664 735 852 806 multorum
867 727 990 805 anienis
1007 748 1062 797 res
1079 744 1190 797 novas
1207 726 1412 819 ampleelen·
1457 740 1561 818 1577.

222 844 325 930 rium,
346 844 452 915 facile
477 834 724 911 accendentur.
756 828 775 870 *
801 826 934 901 Verum
949 846 1029 897 cum
1046 818 1197 893 Ordines
1216 818 1303 893 hanc
1318 825 1411 895 viam

105 1011 108 1020 ,
220 963 289 1017 tarn
299 938 475 1013 obstinate
494 932 664 1021 inlinient,
691 944 875 1017 arcemque
892 912 1186 1012 Antvrrpiensem
1211 912 1272 988 sibi
1295 918 1411 991 vindi.

221 1036 367 1127 callent,
391 1032 488 1103 nulla
511 1028 577 1100 fuit
599 1022 814 1104 Provincia,
839 1039 920 1111 quae
937 1036 1037 1086 antea
1058 1010 1251 1084 Ordinibus
1263 1012 1411 1095 adhaese·

220 1156 292 1215 rat,
321 1132 440 1202 nullus
475 1146 595 1197 earum
624 1118 759 1209 incola,
792 1134 921 1208 praeter
947 1110 1166 1183 Namurcum
1200 1106 1321 1199 (quod
1341 1106 1413 1200 jam

219 1253 289 1301 non
308 1248 381 1298 erat
396 1221 450 1294 rui
464 1218 578 1316 juris)
604 1216 641 1288 dt
657 1233 790 1307 paucos
814 1211 910 1284 illos.
941 1206 1003 1300 qui
1021 1203 1191 1277 Namurci
1209 1202 1412 1288 manebant3

218 1326 351 1416 aliquot
366 1336 536 1414 praterea
546 1334 597 1383 ex
611 1309 793 1399 superiore
808 1303 1000 1375 rebellione
1015 1302 1152 1382 exules,
1177 1299 1238 1394 qui
1255 1298 1413 1372 nondum

220 1409 626 1513 AnJlrr'rrumuiderant3
648 1403 735 1497 quin
761 1396 884 1494 spretis
910 1396 983 1489 ejus
1011 1393 1325 1479 admonitionibus,
1350 1416 1412 1465 no·

219 1506 320 1592 vam,
344 1529 449 1602 quam
467 1522 621 1596 unquam
639 1518 738 1568 antea
764 1493 954 1565 ardentiori
976 1488 1090 1561 rabie.
1124 1512 1165 1560 ac
1193 1486 1334 1576 furore,
1360 1513 1413 1562 re-

217 1610 406 1682 bellionem
431 1600 512 1671 lunt
546 1592 707 1691 amplexi
759 1588 915 1663 Multum
951 1586 1066 1678 itaque
1096 1583 1156 1677 spe
1187 1583 1247 1657 sud
1279 1584 1416 1657 delusus

222 1702 428 1796 Austriarus,
453 1715 522 1787 qua
533 1689 600 1761 sibi
612 1682 841 1781 persuaserat,
865 1680 983 1753 saltem
1008 1679 1135 1751 multos
1160 1682 1257 1762 viros
1280 1679 1415 1762 bonos,
1525 1752 1528 1763 ,

220 1794 410 1895 praesert'un
429 1788 561 1861 nobiles
587 1782 761 1877 (quorum
791 1779 839 1850 est
864 1799 943 1849 ante
967 1775 1083 1845 omnia
1106 1770 1174 1845 sese
1198 1776 1242 1847 ab
1269 1775 1417 1848 honesto

218 1895 417 1967 nullatenus
437 1883 616 1981 separare)
642 1896 820 1969 nunquam
837 1872 922 1966 quid
951 1868 1192 1943 Gubernatori
1216 1869 1278 1942 suo
1304 1872 1417 1968 legiri-

217 2014 280 2062 mo
297 1987 483 2067 deberent,
514 1999 587 2051 tam
613 1970 707 2045 fede
746 1968 988 2063 negledluros3
1023 1966 1075 2038 uti
1104 1984 1249 2050 contra,
1272 1965 1333 2061 spe
1356 1966 1416 2041 sua

220 2085 356 2181 potitus
378 2080 554 2158 Ariminus,
579 2071 651 2165 qud
677 2086 776 2141 certo
808 2064 1004 2137 crediderat
1025 2058 1145 2156 polle,
1171 2065 1326 2154 quamvis
1343 2067 1415 2159 Jam

218 2175 384 2255 confesti
402 2172 509 2268 pace,
533 2168 600 2239 suis
612 2167 742 2238 iterum
773 2161 903 2234 artibus
933 2156 1201 2252 Rempublicam
1226 2160 1326 2231 novis
1345 2180 1416 2231 tur-

218 2278 300 2361 bis,
325 2296 366 2345 ac
382 2265 550 2342 incendiis
570 2265 627 2337 ita·
637 2252 838 2351 implicare,
863 2274 903 2327 ut
927 2255 1067 2327 tandem
1094 2270 1302 2345 cogerentur
1328 2253 1415 2324 sum-

224 2395 313 2446 mam
334 2370 385 2441 rei
405 2367 441 2436 in
457 2360 566 2455 ipsum
585 2354 780 2427 transferre.
816 2349 948 2444 Estque
966 2349 1094 2446 procul
1112 2349 1220 2421 dubio
1240 2351 1415 2436 mirabile,

220 2484 374 2562 quantus
392 2457 529 2531 Artifex
548 2456 584 2525 in
601 2447 799 2544 hujusmodi
815 2447 989 2529 extiterit,
1015 2441 1053 2515 dr
1071 2466 1174 2536 quarn
1203 2448 1305 2517 caute
1330 2464 1417 2516 tunc

218 2561 402 2635 materiam
429 2544 652 2630 rebellionis,
678 2566 782 2637 quam
802 2540 949 2634 sopitam
971 2539 1136 2632 putabant
1159 2541 1417 2623 multi,iterum

180 2686 187 2693 ·
217 2657 408 2733 suscitare,
430 2651 537 2740 inque
557 2642 650 2718 suam
665 2640 854 2711 utilitatem
880 2656 1084 2708 convertere
1100 2632 1246 2706 sciverit.

273 2746 372 2825 lllll.
399 2743 553 2817 Ordines
568 2734 648 2831 post
666 2752 873 2828 occupatam
892 2730 1121 2823 Antverpiam
1132 2776 1142 2812 ,
1170 2730 1272 2801 armis
1291 2749 1417 2824 prope-

225 2848 374 2933 randum
397 2841 485 2926 rati,
521 2834 691 2907 continno
714 2827 758 2900 ad
783 2827 1031 2920 comparandas
1062 2826 1199 2917 copias,
1220 2822 1418 2921 justumque

104 2945 105 2948 ¹
224 2941 414 3020 exercitum
431 2930 705 3017 conficiendum,
720 2924 871 2995 animum
886 2923 1083 3005 intendere,
1105 2919 1304 3017 copiisque,
1330 2945 1418 3015 quaa

216 3042 272 3116 ad
290 3058 409 3109 manus
433 3028 625 3108 habebant,
659 3040 806 3116 quatuor
828 3016 1094 3097 Germanomm,
1112 3019 1294 3105 cohortes,
1319 3016 1418 3090 binas

216 3132 432 3227 exlegione
466 3124 569 3196 caron
601 3114 809 3194 ἥκονθ’,
834 3115 1051 3211 totidemque
1088 3134 1131 3187 ex
1167 3114 1414 3205 Frumbrrgir'ss

225 3252 297 3306 tam
312 3226 446 3301 strenue‘
461 3215 637 3297 invasere,
663 3233 703 3284 ut
717 3207 826 3282 concii
842 3208 1133 3301 fuerintcedere,
1150 3229 1253 3301 atque
1266 3208 1415 3279 Antver.

225 3330 340 3423 piam,
364 3324 425 3394 ubi
444 3319 481 3389 in
499 3310 659 3410 praestdio
678 3326 796 3387 erant,
821 3308 1024 3401 relinquere.
1074 3300 1223 3398 Recepit
1249 3300 1317 3375 sese
1335 3302 1413 3373 Fau·
1448 3342 1566 3404 Malim

226 3414 497 3496 conterminis
515 3406 687 3502 Bergham
695 3456 709 3493 ,
735 3402 960 3494 Frunsbrrgiur
974 3400 1133 3471 Bredam.
1186 3396 1304 3491 Atque
1319 3397 1413 3470 haud
1448 3418 1591 3481 cm„

226 3520 289 3592 diu
309 3512 387 3605 post
409 3532 496 3593 eos,
521 3509 625 3578 etiam
648 3501 797 3581 milites,
821 3498 881 3592 qui
904 3499 974 3567 duo
998 3496 1057 3565 illa
1084 3492 1215 3585 oppida
1232 3492 1412 3580 tenebant,
1446 3502 1592 3559 remmia.

224 3635 271 3686 eo
296 3606 435 3680 secretis
457 3597 747 3673 conventionibus
774 3594 980 3672 duxerunt,
1014 3602 1054 3661 ut
1078 3589 1236 3675 tandem,
1275 3590 1412 3663 traditis
1446 3590 1503 3635 “m
1517 3574 1571 3671 sti·

216 3702 425 3784 'Praelec'tis,
450 3698 582 3790 oppida
605 3695 640 3763 in
657 3688 830 3763 Ordinum
851 3684 1056 3780 potestatem
1077 3684 1260 3777 dederint„
1299 3683 1411 3758 Erant
1443 3656 1593 3792 {defw
1654 3722 1659 3727 .

220 3820 394 3903 praeterea
419 3796 512 3866 haud
535 3788 661 3884 procul
689 3782 882 3875 Antverpid
905 3784 982 3854 aliae
1002 3783 1133 3873 aliquot
1158 3778 1413 3852 Germanorum
1446 3754 1585 3871 „fimi

219 3902 407 3975 cohortes,
431 3911 516 3983 quas
543 3885 644 3955 etiam
674 3882 711 3950 in
740 3878 856 3971 fugam
878 3880 1041 3950 ‘dederet
1072 3894 1289 3969 occuparunt
1310 3878 1412 3948 etiam
1447 3852 1581 3949 uerter!

223 3994 417 4073 Castellum
433 3988 511 4062 Van
528 3979 631 4056 Seium
643 3980 686 4072 l,
706 3995 752 4064 ac
779 3975 1038 4069 Sternberglam,
1051 3972 1104 4044 uti
1119 3973 1223 4045 etiam
1238 3994 1334 4046 erant
1350 3974 1412 4044 mi·
1445 3966 1572 4104 milone

1338 4070 1415 4144 lites
1445 4122 1580 4197 pram&

265 4244 403 4327 *Lege
425 4231 712 4328 accenderentur.
823 4226 868 4323 f*
887 4226 969 4300 Ima,
992 4224 1111 4293 Caroli
1132 4224 1290 4311 Fuggeri.
1438 4198 1520 4277 suu·

268 4330 290 4412 †
308 4322 451 4409 Georgii
474 4320 617 4387 Batonis
635 4312 866 4395 Fronsbergri.
947 4311 968 4394 l
987 4308 1092 4394 Juxta
1114 4310 1289 4391 Butrium,
1306 4309 1418 4380 fuerit

219 4410 412 4490 ‚Castellum
432 4404 505 4479 Van
532 4398 673 4480 Wouw,
701 4414 811 4485 prope
831 4392 1105 4478 nergaopzoom.
