3984 5167
1748 154 1881 355 'l

556 486 639 581 268
697 488 732 596 J.
756 432 807 574 ‘n
844 510 915 575 ne
950 482 1195 576 Tussis
1233 480 1618 575 commutor.

1878 438 1881 471 l

403 694 505 767 1577.
553 674 697 752 latitatis
721 678 909 762 exercitia,
934 696 1066 749 coenam
1087 676 1122 746 in
1151 672 1258 747 insula
1282 674 1432 769 quadam
1461 672 1568 747 Mosae
1606 676 1745 753 civitati

472 789 480 799 ’
556 774 672 845 vicini
697 772 794 865 regio
830 771 969 864 prorsus
1013 776 1209 862 apparatu,
1249 793 1290 841 ac
1323 768 1469 866 sumptu·
1496 771 1675 855 exhibuit,
1701 798 1786 849 ac‘
1879 784 1881 845 l

556 870 694 939 tandem
714 892 793 939 cum
809 867 984 939 discedere
1001 868 1125 956 vellet,
1150 867 1244 935 vatia
1268 867 1372 937 etiam
1398 889 1538 937 munera
1558 867 1750 941 liberaliter

525 988 529 993 >
556 963 718 1056 elargitus
733 963 797 1034 cll:
822 964 870 1033 ita
901 984 938 1033 ut
957 960 1056 1032 Galli
1073 960 1116 1031 de
1136 958 1335 1053 hospitalite
1360 982 1502 1055 accepta
1527 964 1749 1058 summopere

555 1055 617 1126 srbi
639 1060 901 1149 gratularentur.

576 1150 705 1231 ,VllL
730 1150 908 1224 Venerunt
930 1172 1009 1222 cum
1040 1148 1206 1242 Andriam
1226 1147 1441 1222 Namurcnm
1466 1150 1546 1223 Dux
1576 1152 1753 1243 Arfcluta·'
1879 1156 1881 1223 l

557 1266 634 1331 nur,
660 1248 808 1321 Mmchio
826 1246 1036 1337 Haureyns'‚
1063 1254 1169 1315 Comes
1191 1246 1451 1315 Bariumrnranus
1474 1248 1567 1316 illius
1598 1248 1747 1321 P'rovin·
1880 1248 1881 1333 l

556 1342 620 1410 ciae
637 1339 844 1426 Praesesius,
868 1364 947 1414 cum
971 1338 1052 1411 filiis
1078 1344 1236 1431 Hiergiu,
1265 1342 1380 1411 Currite
1405 1338 1587 1431 Meglrnfi,
1612 1342 1649 1412 ἃ
1669 1342 1746 1417 Do·
1880 1338 1881 1365 ³

559 1441 654 1509 mino
673 1439 710 1509 de
726 1436 856 1529 Flryon,
883 1446 989 1506 Comes
1013 1437 1049 1505 de
1073 1434 1186 1519 Reux3
1211 1456 1254 1504 ex
1271 1434 1434 1507 tribunali
1455 1436 1599 1507 Consilii
1622 1438 1748 1512 Status
1879 1384 1881 1501 i

557 1530 758 1625 Affumuilius
768 1581 779 1615 ,
805 1531 842 1602 oc
857 1531 967 1602 Scelus
983 1552 1026 1601 err
1044 1529 1227 1601 Financiis.
1252 1528 1410 1623 Cumque
1422 1529 1567 1603 discessu
1579 1529 1747 1629 Reginae,

518 1662 529 1673 ·
555 1632 624 1722 jam
647 1625 730 1699 esset
750 1628 900 1698 extincta
923 1627 1022 1697 caula
1039 1626 1166 1697 ibidem
1189 1627 1447 1711 commorandi,
1481 1628 1748 1723 periculumque

558 1723 657 1793 morel
679 1721 791 1794 indies
808 1741 1010 1813 augeretur,
1037 1742 1107 1790 non
1131 1722 1279 1813 amplius
1304 1718 1490 1813 Austriucus
1512 1718 1745 1795 differendum

558 1836 653 1889 ratus
677 1814 841 1908 vigesimi
865 1816 986 1909 quarttl
1013 1815 1110 1907 lulli,
1136 1812 1236 1884 finxit
1272 1814 1376 1886 velle·
1391 1815 1425 1888 se
1448 1838 1611 1887 venatum
1635 1820 1688 1890 ire
1709 1822 1749 1890 in

560 1936 604 1984 eo
629 1912 757 1996 tractu,
780 1908 897 1985 versus
922 1933 1025 2004 quem
1041 1912 1210 1983 euntibus
1231 1908 1361 1983 necesse
1386 1932 1458 1982 erat
1468 1932 1542 2075 spro
1568 1915 1748 2006 portam†

560 2011 649 2080 arcis
677 2008 743 2077 iter
762 2028 908 2100 capere,
933 2028 1004 2098 quo
1024 2028 1103 2079 curn
1132 2004 1275 2077 venisset
1304 2026 1395 2098 equo
1422 2007 1465 2077 de
1481 2009 1565 2091 tliit‚
1592 2007 1747 2102 dixitque

560 2125 688 2197 cupere
702 2098 736 2171 se
755 2124 891 2189 arcem,
918 2124 1021 2194 quam
1043 2124 1217 2194 nunquam
1236 2102 1397 2185 viderat,
1411 2102 1626 2195 perlustrate.
1652 2106 1748 2174 Hier·

560 2204 654 2291 gius,
681 2194 718 2267 or
738 2197 841 2267 Comes
857 2194 1037 2288 Meghtnfir
1054 2195 1175 2269 secreti
1193 2197 1283 2267 illius
1297 2194 1445 2279 conscii,
1471 2196 1624 2270 adierant
1639 2202 1749 2292 paulo

525 2358 529 2366 .
561 2315 641 2367 ante
666 2294 840 2364 Dominum
859 2294 895 2361 de
914 2291 991 2361 Yoes
1020 2288 1242 2374 Praefeslum3
1264 2294 1341 2374 cni,
1367 2310 1622 2385 praeterquam,
1638 2297 1747 2385 ‘quod

559 2392 668 2485 patris
691 2382 774 2461 essct
804 2388 960 2481 legatus,
984 2382 1040 2457 seu
1057 2388 1173 2461 locum
1189 2408 1327 2471 tenens,
1353 2389 1479 2473 intimi·
1497 2408 1595 2458 erant
1615 2391 1748 2474 amici,

558 2508 690 2580 cupere
723 2481 790 2555 sese
818 2484 953 2576 ajebant
975 2486 1185 2575 jentaculum
1215 2480 1276 2553 sibi
1301 2484 1469 2575 praeberi:
1505 2480 1636 2555 alsenfit
1664 2488 1747 2579 ille;

560 2602 709 2674 cumque
741 2582 810 2671 jam
845 2600 982 2671 tempus
1013 2576 1094 2648 esset
1123 2575 1320 2669 Austrracun
1353 2582 1563 2665 adventare,
1596 2580 1748 2671 Hitrgr'rs

560 2676 666 2748 variis
689 2672 898 2747 sermonibus
919 2694 1130 2764 occupatum
1154 2672 1321 2755 detinuit,
1346 2672 1475 2745 Comes
1503 2696 1590 2745 vero
1615 2676 1651 2745 in
1676 2698 1746 2747 me·

562 2771 622 2842 dio
638 2773 757 2864 primae
768 2772 857 2849 arcis
874 2790 987 2861 portat
998 2767 1093 2859 apud
1114 2790 1245 2859 paucos
1261 2770 1385 2838 milites
1397 2768 1446 2840 ibi
1466 2771 1629 2841 excubias
1645 2792 1745 2863 agen·
1850 2787 1853 2802 ·

560 2884 630 2948 tes,
666 2862 838 2954 sclopetto
861 2866 897 2932 in
924 2864 1104 2955 bruchium
1138 2860 1297 2955 impositu
1331 2864 1506 2947 constitit,
1535 2866 1653 2957 itaque
1679 2862 1746 2937 fine

558 2960 628 3030 ulla
644 2956 846 3030 difficultate
864 2980 944 3028 arce
961 2961 1094 3051 potitus
1120 2952 1188 3038 est,
1208 2980 1277 3029 non
1297 2955 1364 3029 fine
1379 2958 1503 3053 magni
1520 2960 1640 3053 postea
1655 2959 1745 3033 1³1ae-

557 3050 641 3125 seffl
658 3053 905 3146 quaerimonid.
931 3055 1026 3145 quod
1051 3054 1103 3135 id,
1129 3051 1224 3145 quod
1240 3051 1308 3125 sold
1322 3053 1466 3148 jussrone
1485 3053 1629 3149 adipisci
1649 3080 1746 3130 certo

558 3170 695 3246 poterat
708 3198 720 3232 ,
744 3149 1012 3219 extraordinaria
1034 3142 1110 3231 iia,
1135 3146 1327 3240 suspicione
1345 3150 1554 3223 infidelitatis
1580 3174 1667 3235 non
1689 3176 1744 3225 ca·

558 3268 675 3337 gente.
703 3246 887 3334 Austriutus
916 3244 1076 3316 obtine‘re
1099 3238 1300 3331 studuisset3
1326 3247 1370 3317 de
1398 3248 1527 3338 quoin
1553 3246 1745 3339 ptaescntia·

559 3366 636 3415 rum
659 3340 794 3412 abunde
813 3340 846 3408 ei
863 3337 927 3409 suit
942 3335 1172 3422 satisfactum,
1200 3340 1471 3434 consecratique
1488 3343 1520 3412 ei
1543 3345 1632 3415 arcis
1654 3344 1744 3415 Prae=

504 3444 508 3456 '
558 3438 710 3521 sedura,
735 3432 936 3526 summoque
955 3435 1090 3507 bonore
1114 3430 1256 3506 assellus
1281 3435 1340 3507 est.

609 3533 669 3604 lx.
695 3530 830 3601 Civitas
861 3551 940 3599 curn
969 3550 1050 3623 quae
1079 3531 1276 3602 acciderant
1309 3528 1551 3623 cognovisset,
1584 3550 1747 3628 tanquam

559 3634 606 3705 de
634 3653 669 3700 re
696 3647 766 3695 tam
787 3625 879 3696 noval
897 3648 1072 3717 nunquam
1099 3623 1285 3720 suspicati,
1309 3649 1373 3698 nec
1390 3628 1466 3715 cui,
1491 3628 1538 3699 de
1558 3628 1681 3716 causei,
1705 3652 1747 3702 ac

560 3724 630 3797 fine
671 3726 791 3793 harum
832 3742 966 3805 rerum,
1001 3722 1184 3815 quicquam
1207 3723 1430 3806 innotuerat,
1463 3724 1634 3796 contineri
1673 3750 1747 3797 non

559 3820 692 3914 potuit,
719 3816 805 3910 quin
826 3814 934 3886 statim
955 3838 1257 3899 commoveretur,
1282 3821 1538 3913 plurimumque
1564 3817 1626 3890 srbi
1649 3823 1745 3893 time·

559 3936 633 3995 rer,
657 3911 715 3984 sed
734 3934 813 3982 cum
840 3912 960 4006 postea
977 3934 1041 4007 per
1065 3915 1263 4007 Austricrcum
1283 3916 1387 4007 plene
1406 3914 1450 3985 de
1475 3914 1635 3987 omnib'us
1666 3914 1745 3988 effer

557 4006 740 4097 inllrudla,
763 4009 857 4081 cives
873 4007 1124 4100 obedientiam,
1150 4032 1254 4106 quam
1265 4010 1412 4104 Proregi
1427 4008 1753 4183 ἀεὺεὺαηεηιιίῑεὶἓ

1387 4132 1393 4149 ’
1611 4130 1711 4205 proc

595 4288 846 4379 *Harreillusz
876 4293 1007 4365 fluore.
1176 4295 1314 4397 ‘sptem
1343 4312 1406 4385 per
1431 4308 1589 4385 portam..
