3984 5167
545 537 636 625 172-
682 511 715 620 J.
742 509 792 600 u.
818 466 1171 622 Derisus
1211 501 1602 600 counimur.

340 775 342 782 ,
403 724 518 798 ι572.·
542 699 748 787 constituta,
781 701 907 795 quibus
943 700 1113 773 continuo
1155 697 1280 772 monia
1299 695 1490 792 ΨΜ,
1524 701 1642 774 donee
1667 722 1747 776 tatr-

544 803 623 873 dem
654 799 760 870 altera
793 817 923 867 tentata
960 795 1009 866 est
1039 797 1220 890 irruptio,
1252 815 1391 888 eaque,
1428 794 1532 866 etiam
1559 793 1629 868 fine
1665 797 1743 870 suca

442 965 453 981 N
545 892 662 968 cello:
696 889 812 962 obseffi
844 891 935 962 onim
972 890 1064 962 intus
1098 911 1259 982 aggerem
1291 910 1449 975 novum,
1478 886 1583 962 instar
1616 895 1741 964 mediae

545 990 637 1061 lunae
673 984 758 1058 folla
790 988 961 1059 monitum
994 1005 1239 1070 extruxerant,
1286 1004 1450 1077 erantque
1492 985 1606 1056 omnia
1649 990 1742 1060 intra

549 1105 666 1156 muros
683 1102 753 1156 tarn
770 1081 859 1154 bene
879 1078 1069 1175 disposita,
1092 1099 1132 1151 ut
1154 1078 1295 1153 tandem
1313 1102 1350 1151 te
1377 1077 1525 1162 insede,
1551 1079 1740 1175 amiffisque

547 1181 724 1274 plurimis,
750 1179 908 1272 interque
934 1197 993 1248 eos
1014 1178 1148 1268 aliquot
1171 1172 1373 1261 Praefeilis,
1392 1195 1461 1246 nec
1490 1197 1564 1249 non
1579 1176 1740 1250 vulnera·

540 1278 592 1346 'tis
611 1276 684 1346 aliis
708 1295 779 1345 non
803 1267 977 1344 Praefectis
1002 1271 1131 1356 lolitm,
1155 1269 1339 1344 sedetiam
1378 1270 1552 1364 Magistro
1589 1273 1739 1371 legionis

548 1369 792 1463 Neapolitanae
804 1369 947 1442 Rodtrlco
960 1368 1000 1438 dt
1017 1365 1144 1447 Tuledo,
1163 1366 1241 1439 viro
1255 1365 1395 1452 illustri,
1415 1367 1452 1438 δι
1467 1363 1570 1452 forti,
1595 1363 1739 1440 coaetus

547 1462 653 1538 luerit
680 1463 859 1534 Fredtrr'ctts
884 1464 1045 1557 receptui
1061 1481 1203 1542 canere,
1229 1458 1372 1554 suosque
1388 1482 1541 1554 apngna
1559 1483 1738 1535 reuocare.

546 1559 608 1632 Ex
644 1556 812 1632 cuniculis
842 1558 948 1629 etiam
980 1579 1069 1628 unus
1104 1552 1335 1652 opportune,
1368 1555 1740 1650 tempore‘invastonit

548 1673 752 1748 erumpens,
787 1653 936 1724 maximo
965 1649 1144 1745 Hispanos
1166 1650 1283 1724 affecit
1305 1651 1549 1732 incommodo,
1570 1671 1677 1746 atque
1693 1675 1740 1726 err
1782 1673 1786 1681 ·

547 1751 802 1840 comumque,
828 1747 937 1818 italis
961 1743 1011 1817 dsr
1029 1747 1127 1834 funt,
1152 1769 1192 1819 ut
1210 1744 1334 1840 saepius
1357 1745 1422 1817 l'ub
1447 1747 1546 1820 terri
1574 1751 1739 1822 conveni-

547 1867 604 1925 re,
628 1844 803 1934 colloqui,
824 1841 876 1914 ¹&
900 1839 934 1913 se
972 1845 1104 1914 mutuo
1127 1840 1230 1916 ferite
1255 1843 1464 1936 contigerit,
1477 1841 1665 1938 ,inuusque
1690 1867 1738 1918 en

548 1959 695 2034 utraque
710 1959 816 2032 parte=
831 1938 979 2010 cuniculi
995 1940 1130 2032 aliquot
1146 1939 1348 2031 eruperint,
1373 1938 1435 2031 qui
1458 1957 1574 2010 tamen
1596 1941 1676 2032 plue
1694 1938 1739 2011 ti··

548 2036 677 2117 moris,
701 2053 804 2126 quam
821 2033 936 2103 damni
954 2031 1166 2106 adferebant.
1217 2030 1327 2104 Erant
1341 2031 1419 2104 citro
1436 2036 1588 2126 primunr
1606 2032 1739 2108 obfidee

548 2151 647 2201 retur
666 2123 904 2213 Harlemium,
929 2126 1059 2221 frigore
1083 2130 1265 2222 glacieque
1293 2133 1411 2201 omnia
1437 2150 1619 2217 concreta,
1644 2153 1741 2206 cunt·

548 2247 628 2318 que
644 2246 684 2296 ea
700 2225 735 2293 in
751 2241 866 2316 parte,
892 2244 971 2317 quae
986 2225 1110 2318 vergit⁴
1121 2223 1167 2295 ad
1185 2247 1299 2308 mare,
1324 2226 1374 2295 nil
1390 2221 1452 2295 nist
1480 2228 1564 2317 gelu
1593 2247 1738 2320 appare·

474 2327 483 2356 ”
547 2342 618 2404 ret,
644 2314 820 2412 elientque
847 2320 985 2413 exiguae
1017 2318 1174 2390 Frederr'ci
1200 2322 1431 2413 cop1ae‚non
1456 2323 1574 2412 potuit
1609 2321 1738 2395 civitae

546 2415 729 2508 praecipue
751 2414 803 2486 ibi
820 2433 894 2486 tota
912 2411 1091 2487 obsidione
1114 2416 1228 2508 cingi:
1252 2434 1291 2486 ut
1308 2435 1423 2487 tamen
1446 2413 1529 2488 huie
1544 2418 1737 2489 incommo-

547 2509 619 2594 do,
646 2528 813 2604 quantum
829 2507 903 2583 fieri
955 2506 1058 2597 offet,
1083 2512 1347 2603 provideretur,
1378 2511 1574 2585 excubabat
1605 2513 1642 2584 in
1663 2509 1739 2606 ipsa

547 2604 657 2698 glacie
680 2607 863 2692 Fronclscur
930 2606 1044 2698 erdugo
1066 2608 1122 2676 vir
1149 2603 1307 2700 insignis,
1332 2609 1369 2676 in
1393 2629 1498 2701 quem
1524 2630 1603 2680 cum
1633 2605 1735 2680 nolle

548 2701 695 2794 quadarn
724 2699 875 2772 tenebris
897 2699 1005 2772 fidens
1038 2699 1207 2774 incidilset
1239 2701 1369 2773 Carolus
1395 2703 1537 2791 Boisotus
1559 2704 1736 2778 civitatem

547 2815 673 2889 petent
690 2815 769 2864 cum
794 2797 947 2888 quinque
975 2795 1203 2882 cohortibus,
1235 2794 1344 2868 coesus
1367 2797 1495 2868 abillo
1519 2795 1737 2893 profligatus·

547 2913 617 2982 que
634 2887 693 2960 est.
743 2887 898 2986 Econtra
920 2911 1137 2984 occuparunt
1158 2890 1278 2986 postea
1303 2889 1421 2964 obselli
1463 2895 1581 2965 locum
1616 2917 1736 2990 quem·

550 2987 628 3054 dam
654 2984 690 3053 in
707 3006 778 3075 quo
794 2985 918 3076 agebat
937 2985 1164 3056 Walonorum
1179 2985 1387 3074 Praefestus,
1412 3009 1486 3081 quo
1497 2990 1735 3062 obtenebran-

548 3099 606 3150 tus
629 3078 698 3149 illis
727 3081 839 3170 patuit
862 3079 1001 3176 edituo,
1038 3103 1075 3153 ut
1104 3082 1211 3175 pleni
1246 3083 1324 3154 lnce
1354 3084 1488 3176 palum,
1513 3087 1592 3177 plut
1627 3083 1735 3157 semel

519 3171 781 3267 'spesttntibue
811 3173 932 3268 Regiis
971 3177 1147 3250 civitatem
1179 3180 1405 3264 intraverint,
1436 3179 1477 3252 dt
1502 3181 1656 3273 quemvis
1682 3181 1735 3253 nil

436 3303 440 3312 ·
548 3271 749 3342 omitterent
777 3271 820 3342 ad
847 3272 883 3342 id
917 3273 1199 3366 impediendum,
1230 3272 1365 3368 iplique
1392 3276 1529 3368 equites
1554 3275 1676 3369 glaciei
1698 3273 1734 3350 se*

548 3366 826 3451 committerent,
852 3389 1018 3462 novoque
1036 3391 1077 3441 ac
1092 3365 1252 3440 inusitato
1275 3369 1426 3443 bellandi
1451 3394 1579 3464 genere
1603 3368 1738 3451 hostem

527 3528 532 3544 ,
575 3481 750 3544 uererent,
776 3461 869 3533 haud
894 3481 1006 3537 tannen
1029 3481 1162 3536 tantum
1184 3462 1318 3539 efficere
1332 3486 1507 3560 potuere,
1527 3467 1612 3558 quit
1629 3467 1737 3541 trahis

548 3481 658 3648 ἕως
670 3553 795 3643 sleddas
819 3559 928 3653 vulgd
961 3563 1120 3644 vocant)
1152 3560 1281 3726 lquibus
1305 3563 1344 3632 in
1366 3561 1478 3654 glacie
1502 3585 1606 3637 utunt
1670 3563 1736 3636 Ba·

546 3651 640 3735 tavi,
663 3651 834 3744 quidquid
867 3655 904 3726 in
929 3654 1072 3728 civitate
1107 3657 1151 3728 de
1166 3657 1292 3731 rderari
1317 3653 1454 3750 pollet,
1491 3681 1606 3750 eoque
1665 3661 1736 3738 odo

545 3743 693 3831 adferri,
719 3767 764 3816 eo
782 3745 886 3820 luerit
899 3751 1137 3843 importetum.
1187 3749 1406 3838 Quinetiam
1421 3752 1540 3827 obseffi
1557 3751 1680 3847 saepius
1693 3753 1736 3835 ad

546 3837 680 3934 Regios
695 3837 801 3936 usque
818 3847 1027 3922 munitionen
1049 3867 1233 3941 erumpere
1252 3845 1340 3936 aud,
1363 3845 1736 3943 strenuepugnarunt,

545 3935 775 4010 exmoenibut
793 3961 933 4034 quoque
958 3938 1120 4036 sclopetit
1139 3943 1310 4034 plurimos
1333 3944 1408 4016 viti
1430 3945 1619 4040 privarunt.
1648 3944 1738 4023 vau

544 4031 653 4104 uerati
676 4052 816 4128 quoque
839 4038 1092 4120 Nolumus,
1126 4037 1164 4111 &
1189 4038 1384 4132 Got'ngnt'utg
1409 4038 1447 4109 dt
1478 4037 1736 4134 Creffonm'ut*,

544 4122 626 4198 dem
651 4125 759 4200 noctu
775 4125 910 4226 sportas
923 4130 1053 4228 sportis
1070 4131 1309 4228 superimponi
1342 4155 1469 4223 curat,
1498 4136 1735 4229 quoelrelliut

1688 4242 1746 4303 οἳ,

560 4287 600 4375 ¹*
620 4325 829 4400 bellicorum
850 4351 997 4421 operum
1016 4292 1381 4439 maelllnttottvulsstl
1394 4335 1568 4433 [W
