3984 5167
556 442 640 534 262

604 668 1099 859 JOANNIS
1163 670 1694 833 BAPTISTAE

744 982 815 1107 D
858 982 920 1107 E
1015 980 1080 1107 T
1120 981 1186 1107 A
1230 980 1276 1107 S
1322 981 1369 1108 S
1411 984 1444 1108 I
1488 984 1564 1127 S,

656 1264 1047 1360 Commentariorum
1097 1266 1148 1351 de
1185 1262 1231 1351 T
1224 1260 1442 1353 umuitibus
1475 1266 1660 1387 Belgicis.

410 1562 515 1651 1577·
632 1526 987 1635 LIBER
1094 1528 1676 1653 QUARTUS.

553 1788 585 1867 2
604 1792 915 2031 Aemo
934 1789 1755 1987 meinamma

746 1990 871 2085 plexus
900 1986 980 2075 est,
1012 1984 1094 2060 usus
1125 1990 1291 2063 continua
1325 1987 1608 2063 Coniiliariorum
1634 1990 1754 2068 Statua

554 2086 691 2184 operi,
711 2086 1013 2185 plurimorumque
1033 2080 1247 2169 Procerum,
1280 2083 1544 2159 provinciarum
1565 2087 1751 2164 Praefeon
1876 2074 1878 2165 i

554 2205 657 2272 rom,
681 2186 919 2277 aliorumque,
995 2204 1097 2257 orum
1114 2180 1280 2267 confilio,
1304 2204 1347 2255 ac
1367 2183 1497 2255 auxilio
1526 2206 1599 2256 rem
1624 2188 1666 2258 ad
1690 2188 1748 2259 ab·
1877 2192 1878 2255 i

554 2276 726 2366 solutam,
752 2299 857 2375 atque
874 2300 938 2351 exa
1047 2276 1336 2374 oompofitionem
1360 2277 1443 2352 duci
1461 2278 1565 2390 ¹poiie
1580 2279 1747 2375 sperabat.
1876 2258 1878 2359 Ι

555 2372 784 2473 Primumque
808 2380 879 2450 boc
896 2376 949 2448 iiii
963 2396 1058 2449 curae
1073 2372 1161 2461 fuit,
1184 2394 1226 2449 ut
1243 2376 1401 2449 Amaicm
1422 2374 1518 2449 imtae
1544 2380 1643 2473 pacis
1667 2401 1747 2451 cou-

555 2473 749 2549 ditionibus
778 2494 822 2545 ex
845 2469 906 2545 sua
932 2491 1034 2567 parte
1056 2468 1288 2556 satisfaceret,
1313 2468 1585 2568 Provinciasque
1602 2474 1750 2569 eousque

553 2566 630 2643 solo
646 2572 707 2647 suo
721 2590 828 2658 nutu,
852 2592 896 2643 ac
908 2568 1055 2643 arbitrio
1071 2567 1339 2652 administratae,
1365 2567 1410 2641 ad
1426 2567 1628 2643 consuetum
1646 2568 1749 2667 Regii

553 2670 732 2763 regiminis
749 2688 882 2740 morem
898 2667 1012 2761 redigi
1029 2682 1226 2759 pateretur,
1251 2665 1391 2759 quodni
1406 2664 1524 2753 fieret,
1547 2668 1646 2739 multi
1658 2668 1748 2741 haud

553 2764 622 2858 jam
634 2761 1221 2857 obscurenturumpraevidebant,
1247 2780 1344 2835 tanta
1358 2758 1467 2857 Regis
1483 2762 1745 2854 benevolentia,

553 2878 660 2953 atque
684 2861 810 2956 insigni
832 2858 1293 2943 fidociaedemonstratione,
1319 2856 1405 2930 nihil
1419 2859 1515 2931 aliud
1529 2856 1595 2930 effe
1612 2858 1746 2949 adium,

554 2976 660 3049 quam
687 2953 988 3051 Rempublicam,
1020 2972 1185 3050 tanquam
1208 2959 1397 3029 humanum
1420 2976 1575 3049 corpus,
1607 2956 1747 3030 rediculi

553 3055 629 3145 ojus
640 3054 785 3127 humore
794 3051 969 3144 ernasto,
995 3074 1068 3146 quo
1083 3055 1201 3148 aliquo
1216 3051 1324 3124 modo
1337 3055 1453 3124 adbuc
1469 3050 1556 3123 state
1566 3050 1746 3145 potuisset,
1771 3126 1775 3137 ,

552 3149 589 3219 in
609 3150 751 3223 critiam
768 3144 1018 3245 praecipitass‘e:
1045 3146 1241 3244 refragante
1259 3150 1349 3221 enim
1362 3145 1608 3239 Auroicohujus
1626 3172 1747 3223 execu-

552 3246 663 3333 tioni,
686 3250 755 3342 jam
772 3266 857 3318 tunc
879 3241 1093 3317 manifestum
1119 3267 1209 3331 erat,
1242 3268 1319 3318 eum
1343 3243 1451 3318 libere
1476 3264 1610 3319 remoto
1635 3246 1746 3319 omnir

551 3344 686 3415 timoris
703 3342 802 3417 freno
822 3392 834 3427 ,
858 3362 965 3435 atque
983 3342 1027 3414 ad
1043 3343 1176 3415 libitum
1201 3341 1262 3413 fini
1287 3338 1350 3413 suo
1368 3340 1568 3414 incumbere
1589 3340 1696 3436 poii'e.

381 3440 495 3518 legam
600 3439 646 3511 11.
672 3436 814 3535 Scripsit
827 3437 871 3512 ad
888 3439 1064 3509 Autricum
1079 3437 1267 3533 Austriocus
1283 3460 1387 3531 quam
1403 3436 1638 3510 humaniffimd
1649 3488 1661 3523 ,
1672 3461 1745 3511 om·

407 3520 515 3656 ⁰:5¹2
550 3536 677 3629 niaque
692 3538 741 3607 iiii
759 3536 852 3607 bona
878 3532 1058 3629 promifit,
1082 3533 1320 3629 praecatusque
1334 3532 1403 3621 est,
1428 3532 1587 3627 misttque
1605 3534 1743 3609 adeum

380 3612 495 3732 P'rinct·
551 3629 744 3705 Gettrudae
770 3630 921 3726 Bergam
944 3632 1154 3724 legationem
1186 3629 1409 3711 solemnem,
1446 3628 1671 3724 compositam
1700 3654 1743 3705 ex
1789 3656 1792 3663 ’

376 3764 437 3827 pn„
445 3754 508 3811 An·
549 3728 642 3802 Duce
659 3728 879 3819 Arschomm,
904 3728 1027 3799 Batora
1045 3729 1084 3799 de
1102 3728 1257 3819 Hierges,
1271 3728 1428 3799 Dominis
1447 3726 1484 3798 de
1501 3727 1660 3801 Viiitrooi
1669 3776 1680 3810 ‚
1703 3723 1742 3799 ἃ

377 3832 497 3901 reum,
549 3824 684 3910 Frezt'n,
710 3822 870 3898 Doiiore
895 3824 1025 3895 Alieno
1046 3826 1202 3910 Leontino,
1228 3821 1372 3917 aliisque
1398 3824 1577 3897 nonnullis
1602 3847 1647 3896 ex
1674 3820 1743 3895 Or·

376 3907 509 4059 msa
549 3922 704 4006 dinibus,
730 3922 858 4017 quibus
876 3922 979 3993 etiam
999 3919 1033 3994 se
1051 3919 1233 4013 conjunxit
1254 3918 1394 3991 Doiior
1411 3920 1556 3993 Andreas
1571 3920 1674 4007 Goili,
1701 3941 1744 3993 ex

365 4060 517 4217 ,samii
545 4132 646 4185 trram
660 4115 896 4207 obligatione,
921 4113 1053 4197 amice,
1079 4138 1120 4188 ac
1138 4113 1227 4188 serio
1242 4115 1491 4197 admonerent,
1512 4132 1741 4209 peterentque

372 4226 484 4299 cognita
542 4207 667 4292 enixe,
693 4230 732 4280 ut
749 4210 807 4282 suo
825 4214 987 4303 exemplo
1006 4231 1170 4294 coeteros,
1195 4212 1257 4305 qui
1274 4210 1427 4306 eousque
1449 4208 1524 4282 suas
1552 4228 1670 4305 partes
1693 4207 1740 4279 es-

548 4014 770 4125 imperatoris
793 4016 956 4114 Lagaris,
983 4019 1045 4111 qui
1073 4019 1171 4090 iilum
1190 4018 1236 4092 de
1261 4016 1321 4090 sui
1343 4039 1426 4109 erga
1449 4018 1585 4111 Regem
1614 4038 1656 4087 ac
1681 4011 1742 4087 Pa·
1877 4098 1878 4101 Ἴ

1875 4162 1878 4289 1

366 4294 504 4438 {mus
538 4306 615 4381 sent
630 4303 755 4395 secuti,
780 4304 824 4377 ad
844 4306 996 4381 debitam
1019 4308 1128 4405 Regis
1156 4307 1392 4383 obedientiam
1410 4306 1524 4383 redire
1547 4306 1741 4439 admitterg-
1876 4322 1878 4411 }

475 4422 483 4441 ”
1638 4422 1739 4483 tur,
1876 4420 1878 4483 j
