3984 5167
382 462 1423 675 n‚1nun,Qunnuu's.‚297

228 736 339 811 multi
352 730 522 822 militum,
546 756 589 808 ac
621 715 753 812 civium
781 731 878 806 caede
905 713 1045 805 luerunt
1062 674 1214 843 (mss.
1228 711 1419 807 Praefeeiur
1471 738 1575 832 1578.

108 902 113 912 .
226 838 265 907 ire
279 832 416 925 perditst
437 834 474 902 in
492 850 607 904 arcem
636 830 809 925 quondam
838 828 1037 923 antiquam,
1063 849 1143 922 quae
1169 826 1218 899 rbt
1244 824 1313 914 est,
1337 848 1418 907 cum

225 932 365 1021 aliquot
379 928 548 1000 militibus
573 925 615 1001 se'
634 924 831 1021 recepisset,
858 923 939 998 belli
954 921 1131 996 fortunam
1160 923 1209 1003 ibi
1233 922 1335 995 etiam
1358 944 1418 998 ex·

223 1019 1416 1191 ultastnthlsttltstttlltltliustitiis·

1121 1166 1130 1201 ‚
1401 1150 1415 1167 .

222 1235 307 1297 nes,
331 1213 567 1285 udtetrorem
596 1210 759 1298 aliorum,
785 1214 845 1303 qui
866 1213 905 1281 in
934 1210 1110 1305 posterum
1136 1230 1208 1284 tatu
1233 1208 1418 1284 temerarie
1570 1226 1595 1245 “·

221 1309 292 1382 sose
317 1330 437 1403 gerere
471 1305 666 1392 abderent,
691 1303 836 1400 suspensi
868 1304 956 1375 sunt.
1005 1303 1088 1377 Post
1113 1326 1248 1401 captam
1269 1306 1416 1391 Sithon,

222 1404 411 1499 Arrstrocos
427 1399 604 1495 Diofihr'unr
620 1402 788 1494 primum,
809 1398 936 1475 deinde
950 1402 1128 1486 hrotam,
1154 1424 1196 1473 ac
1212 1400 1415 1476 Trimontium
1498 1430 1499 1435 ¹

222 1492 683 1587 deditionem-potestetem
702 1494 972 1593 suamJedegit,
999 1516 1146 1589 cumque
1172 1516 1242 1567 nou
1262 1492 1414 1589 superes·
1533 1510 1536 1517 '

221 1592 294 1679 set,
319 1592 442 1685 quoin
460 1590 502 1663 ed
516 1609 617 1685 parte
633 1593 781 1662 ulterius
797 1588 927 1683 majora
944 1610 1078 1663 tentare
1096 1588 1228 1685 posset,
1251 1586 1415 1683 praesrdio

212 1688 324 1762 ‘uiuis
340 1689 379 1757 in
396 1686 484 1759 locis
497 1684 639 1772 relicto,
661 1686 826 1757 'Niurslom
841 1682 1023 1779 profectus
1038 1682 1124 1761 est.,

205 1800 235 1853 ·.
270 1781 416 1856 XX-XV.
440 1778 597 1853 Adiudre
622 1779 672 1851 ibi
689 1782 783 1873 'post
812 1790 1055 1875 recuperatum
1088 1779 1267 1852 Bovinum
1295 1778 1415 1868 Galli,

219 1878 349 1974 quibua
365 1874 448 1970 pust
472 1878 624 1950 cinerum
642 1879 796 1975 exercitu
821 1879 1053 1972 oppidulum,
1084 1876 1157 1971 ejus
1183 1879 1415 1973 expugnatio·

220 1980 303 2048 ueni
321 1970 499 2047 cummisit.
551 1969 703 2044 Praeurat
722 1974 773 2049 illl
795 1972 895 2044 Loco
920 1970 1096 2043 Dominu's'
1117 1972 1154 2043 dr
1171 1971 1332 2061 turma
1357 1972 1414 2047 vir

184 2094 187 2097 ·
220 2069 346 2155 sortis,
369 2066 552 2163 mutusque
568 2064 742 2168 quassetur
756 2069 866 2144 tribus
883 2069 1065 2141 tormentis
1085 2066 1292 2152 muralibus,
1317 2066 1414 2141 cumi

222 2188 292 2261 que
308 2166 487 2239 videretur
507 2163 587 2237 satis
605 2166 771 2250 dirutus,
795 2165 850 2237 bis
877 2165 1027 2259 irruptio
1056 2183 1209 2251 tentata,
1233 2184 1412 2258 praeeunte

221 2261 375 2335 animose
395 2267 515 2334 Currite
532 2260 664 2347 Carrio,
689 2258 747 2332 sed
770 2259 841 2333 fine
862 2256 1035 2353 succeffu3
1053 2260 1175 2354 ¹itaque
1204 2262 1241 2345 in
1266 2257 1412 2355 sequeu-

219 2352 632 2453 erudimentum
646 2353 791 2429 ulterior
804 2356 910 2429 dilata
937 2352 988 2426 est
1018 2355 1247 2461 oppugnatio.
1299 2358 1412 2431 Vrllors

218 2474 300 2529 uum
315 2454 595 2549 oppugnantium
611 2450 901 2543 perseverantiam
923 2452 1230 2537 animadverteret,
1256 2450 1300 2523 de
1315 2452 1413 2528 dedi·

162 2567 167 2575 ·
216 2551 317 2625 tione
333 2570 435 2643 agere
450 2550 567 2643 coepit
599 2541 800 2619 Permissum
816 2548 864 2619 est
886 2543 950 2640 ipsi
971 2569 1067 2639 equo
1099 2544 1262 2619 insidenti
1293 2546 1412 2639 abire,

212 2644 516 2717 militibusautem
530 2640 601 2739 line
614 2642 900 2736 uexillimatque
913 2642 1110 2712 inermibus.
1124 2639 1223 2713 Galli
1237 2642 1308 2715 cito
1321 2640 1411 2729 luffi,

218 2741 337 2833 obque
343 2734 762 2833 diversamGnlllaequed
776 2739 930 2809 mutibus
942 2737 1087 2808 alienam
1102 2735 1352 2825 uastationem,
1361 2737 1412 2815 ibi

218 2838 266 2912 de
281 2837 394 2908 reditu
410 2835 447 2904 iu
464 2832 614 2906 Galfiam
628 2856 729 2927 agere
739 2834 889 2927 coeptire.
922 2830 1126 2925 ‘Auliriocos
1142 2834 1265 2923 etiam,
1289 2838 1351 2929 qui
1365 2834 1410 2909 ab

218 2934 322 3009 initio
345 2932 478 3005 invitus
492 2930 571 3003 illos
592 2928 796 3016 admiserat,
820 2928 925 3002 sacild.
951 2927 1218 3016 adducebatur,
1250 2949 1290 3003 ut
1316 2933 1413 3005 abire

218 3028 356 3103 fineret.
397 3023 791 3122 ·1taquepostdebitam
814 3025 1058 3119 stipendiorum
1085 3024 1310 3114 solutionem,
1335 3051 1413 3102 ver·
1493 3028 1531 3037 “”

216 3124 253 3295 p
297 3148 361 3210 ue,
385 3143 427 3229 ac
452 3120 652 3195 muneribus
680 3124 792 3195 ornati
804 3172 816 3210 ,
839 3121 1031 3218 praecipui,
1056 3123 1092 3193 in
1117 3120 1270 3195 Galliam
1293 3147 1410 3198 rever-

283 3239 356 3292 unt.
1407 3243 1411 3256 ’

218 3348 244 3382 s.
270 3313 436 3387 XXXVI.
458 3313 570 3387 Erant
587 3314 625 3385 in
647 3314 801 3387 exercitu
818 3313 953 3407 aliquot
978 3310 1167 3383 Germanae
1183 3312 1345 3385 cohorter
1364 3333 1410 3386 cx

218 3409 288 3481 illis
305 3412 477 3501 veteranis
504 3432 569 3506 per
590 3407 744 3482 Ordines
768 3408 939 3505 expulsis,
963 3407 1002 3477 hi
1028 3409 1065 3478 in
1089 3405 1171 3499 ipsta
1201 3403 1317 3481 castris
1339 3406 1409 3481 aust

216 3504 354 3578 suntad
371 3507 673 3580 tumultuationem
688 3506 838 3579 animum
863 3525 1015 3581 vertere,
1040 3520 1079 3572 ut
1103 3498 1166 3573 fibi
1192 3500 1431 3592 solverentur,

214 3600 389 3693 stipendia
400 3603 552 3693 antiqua.
601 3600 674 3677 Sed
699 3600 883 3695 Austrioous
906 3600 1073 3671 continuo
1099 3616 1176 3672 toto
1192 3600 1348 3673 exercitu
1362 3597 1408 3671 ad
1552 3634 1556 3643 ·

216 3718 314 3772 arua
336 3692 518 3787 dispositu,
542 3698 660 3789 coegit
686 3720 747 3771 eos
774 3694 837 3766 srbi
862 3699 997 3768 tradere
1020 3691 1196 3767 seditionis
1223 3697 1409 3783 authores,

208 3814 309 3888 ¹qum
324 3814 404 3863 curn
420 3791 457 3861 in
476 3792 658 3881 procmdtu
672 3810 801 3863 ‘omnes
816 3790 975 3884 suspendi
986 3789 1144 3882 juberet,
1169 3790 1308 3861 taudem
1330 3812 1410 3883 pre·
1456 3868 1457 3873 ,

216 3888 339 3972 cibus,
361 3895 408 3958 ac'
430 3884 669 3957 intercellione
682 3889 869 3957 multorum
893 3886 1074 3957 illustrium
1097 3886 1253 3957 virorum
1273 3885 1322 3965 ibi
1341 3884 1412 3957 affi-

215 3982 399 4066 steutium,
422 3983 581 4073 poenaad
597 3999 704 4052 unum
720 3982 859 4053 redusta
871 4032 880 4065 ,
892 3978 1006 4053 ansam
1019 3980 1192 4053 ulterioris
1206 3980 1322 4053 damni
1337 4002 1411 4053 om-

218 4081 305 4153 niuo
328 4078 533 4173 amputavit.
585 4076 719 4163 Niuellae
747 4076 932 4170 praefestus
960 4075 1136 4150 Dominus
1162 4077 1205 4161 drv
1221 4074 1408 4163 errlcoorr,

171 4268 176 4275 ¹
219 4173 459 4268 Luthatingus
477 4193 560 4250 curu
574 4172 636 4245 suri
661 4174 833 4263 cohorte,
858 4169 1014 4267 binisque
1037 4172 1138 4265 aliiue
1170 4171 1431 4339 exercitulbtpe‘

1025 4292 1032 4303 ·
1330 4288 1413 4343 tue

263 4366 283 4412 't
303 4363 449 4447 Juanuet
467 4363 654 4443 desueto,
673 4364 846 4448 Dominus
866 4361 912 4447 de
936 4358 1073 4431 villers.
1524 4372 1528 4384 ¹

275 4459 363 4539 Turn
385 4464 446 4541 ΙΙ.
470 4466 554 4542 Part
579 4487 613 4539 a.
895 4461 962 4559 Pp
