3984 5167
393 510 689 607 LIBER
760 503 1233 625 QUINTUS.
1371 511 1455 631 345Ι

251 745 280 784 n
306 727 373 802 que
397 705 517 877 dimisa
545 703 694 805 plusque
722 708 838 783 oneris
864 706 1009 781 aliarum
1039 702 1305 781 provinciarum
1326 706 1453 786 incolis
1494 737 1596 817 1579.

253 842 277 880 rr
330 826 408 877 uam
440 827 502 879 uls.

300 826 328 979 3
349 898 459 975 ΧΧΧ.
485 900 539 975 Ut
557 900 679 975 melius
698 901 865 995 deinceps
884 898 987 973 rebus
1004 895 1185 995 provideri
1201 899 1317 993 possit,
1352 921 1448 986 tene·

251 1036 275 1071 n
301 996 431 1069 buntur
446 996 675 1073 confoederati
693 998 896 1093 Trajesium
925 994 945 1037 *
972 995 1181 1091 praescripto
1205 996 1262 1069 die
1281 996 1316 1070 se
1341 1018 1450 1073 trans·

249 1132 273 1168 η
298 1090 410 1179 ferre,
447 1093 508 1167 ubi
530 1093 684 1171 accersiti
710 1094 840 1167 luerint
861 1094 906 1167 ab
933 1116 995 1177 eo,
1022 1096 1080 1168 cui
1102 1094 1174 1165 hoc
1199 1116 1244 1165 ex
1268 1092 1385 1165 officio
1398 1098 1450 1167 in·
1544 1097 1552 1118 ⁸

248 1228 271 1263 n
297 1192 475 1276 cumbet,
508 1212 547 1265 ut
571 1191 622 1263 lbi
641 1189 684 1264 de
702 1192 743 1262 iis
762 1190 865 1264 rebus
887 1210 1031 1283 quarum
1056 1186 1157 1262 causa
1184 1188 1315 1261 suerint
1333 1191 1450 1263 vocati
1610 1199 1614 1207 '

248 1324 272 1360 n
299 1284 602 1453 gpuodinlitteria
628 1288 663 1357 in
687 1310 770 1358 eum
795 1284 898 1357 finem
914 1282 1180 1377 expediendissr
1202 1283 1277 1359 lieri
1294 1289 1448 1380 poterit,

247 1421 272 1459 n
360 1380 456 1456 casus
488 1382 523 1455 id
548 1378 772 1481 permiserit,
807 1380 1067 1475 explicabitur)
1101 1382 1345 1455 communibus
1372 1407 1449 1457 om·

247 1516 273 1554 n
297 1476 394 1553 nium
429 1477 524 1551 votis
555 1500 617 1552 out
649 1477 773 1572 maiori
810 1474 1055 1571 suffragiorum
1077 1494 1179 1571 parte
1214 1476 1380 1554 traiietur
1405 1503 1448 1555 ac

247 1612 272 1648 a
299 1572 492 1661 statuatur,
532 1591 640 1670 prout
664 1574 774 1669 magis
812 1574 915 1647 rebus
938 1572 1089 1667 publicis
1123 1575 1358 1665 convenerit,
1398 1595 1447 1649 at-

246 1708 272 1745 „
298 1694 368 1767 que
392 1668 615 1745 etiamsinon
639 1692 759 1743 omnes
784 1694 826 1746 eo
854 1668 889 1768 se
906 1671 1140 1759 contulerint,
1163 1688 1334 1764 poterunt
1357 1696 1449 1767 praa·

245 1804 270 1841 n
295 1770 408 1842 sentes
446 1788 519 1839 rem
561 1769 607 1840 ad
646 1764 902 1841 conclusionem
934 1767 1158 1863 perducere,
1210 1764 1247 1839 δι
1277 1772 1376 1863 quod
1400 1767 1448 1845 fic

241 1902 269 1938 n
294 1863 404 1938 fuerit
427 1861 626 1938 conclusum
652 1885 694 1937 ac
719 1864 922 1946 decretum,
956 1860 1217 1950 observabitur,
1252 1866 1448 1939 dummodo

244 1998 267 2035 n
293 1984 367 2036 non
385 1956 425 2033 stt
441 1960 487 2034 de
506 1979 542 2032 re
560 1960 676 2055 magni
695 1962 884 2047 momenti,
910 1980 1060 2055 quaeque
1078 1960 1278 2033 dilationem
1295 1962 1450 2055 aliquam

242 2094 267 2130 n
292 2058 476 2143 admittat,
501 2079 573 2152 quo
596 2055 675 2131 casu
691 2059 808 2131 denuo
826 2057 1116 2131 convocabuntur
1128 2054 1174 2129 ad
1190 2077 1325 2131 certum
1341 2059 1449 2133 alium

242 2192 267 2229 u
292 2156 413 2241 diem,
439 2154 476 2227 δι
495 2155 553 2247 qui
570 2156 682 2247 prima
699 2156 778 2228 vice
806 2177 877 2226 non
899 2152 1052 2238 vendre,
1073 2152 1257 2245 subponi
1276 2156 1448 2249 perdendi

240 2288 266 2325 η
292 2253 392 2329 suum
409 2268 531 2322 votum
555 2249 614 2322 illa
635 2251 736 2335 vice,
760 2252 798 2325 &
814 2269 898 2321 tunc
919 2270 1033 2323 ratum
1050 2251 1116 2321 etit
1132 2250 1302 2344 quidquid
1321 2250 1446 2324 statue·
1539 2293 1541 2298 s

243 2384 267 2422 n
293 2368 374 2431 tur,
407 2342 536 2419 etiamst
570 2341 680 2417 adsint
714 2346 872 2440 †·aliqui
908 2368 952 2419 ex
984 2342 1086 2419 oretis
1115 2341 1320 2432 Provinciis.
1371 2346 1449 2436 Qui

243 2484 268 2519 η
293 2464 410 2517 tamen
437 2440 484 2515 ob
513 2442 835 2517 incommoditatem
861 2462 931 2513 non
963 2443 1242 2535 comparuerint,
1278 2462 1449 2537 poterunt

243 2580 267 2613 η
292 2539 427 2634 scripto
444 2537 645 2632 opinionem
661 2535 753 2609 suam
782 2534 995 2631 significare,
1020 2557 1061 2609 ut
1083 2536 1121 2607 in
1144 2535 1360 2612 collectione·
1380 2536 1448 2610 suf·

245 2676 269 2707 η
295 2633 486 2729 fragiotum
505 2632 579 2725 ejus
606 2654 747 2726 quoque
770 2628 936 2703 habeatur
959 2634 1069 2717 ratio,
1095 2633 1132 2705 &
1153 2636 1190 2707 in
1211 2632 1311 2704 istum
1343 2634 1449 2707 finem
1530 2716 1534 2723 ,

245 2771 270 2807 n
297 2752 419 2803 omnes
438 2726 685 2815 confederari,
711 2726 748 2799 &
779 2724 1011 2822 unusquisque
1035 2749 1179 2816 eorum,
1215 2726 1314 2801 srmul
1342 2735 1447 2825 atq‘ue

245 2868 270 2905 n
298 2829 348 2900 eis
379 2824 567 2899 innotuerit
585 2824 715 2919 aliquid
733 2823 824 2897 unde
840 2822 1016 2917 dependet
1031 2844 1092 2897 aut
1117 2824 1228 2914 salus,
1255 2848 1315 2901 aut
1331 2829 1446 2922 perni-

247 2966 271 3000 η
299 2924 368 2997 cies
408 2922 576 3019 publica,
612 2921 844 3007 tenebuntur,
876 2920 1006 3013 scripto
1040 2921 1126 2995 illud
1158 2921 1349 3018 significare
1380 2924 1445 3013 iis,

247 3062 271 3098 η
298 3022 426 3117 quibus
446 3042 530 3093 cura
557 3016 754 3091 incubuerit
776 3016 955 3114 praedicte
986 3022 1271 3110 convocationis,
1297 3042 1338 3093 ut
1362 3044 1444 3094 con·

129 3165 135 3175 ι
244 3160 268 3195 η
296 3140 424 3193 vocare
440 3114 563 3211 possint
585 3116 683 3187 alios.
873 3128 874 3131 ’

294 3258 320 3291 0,
345 3212 472 3286 XXXI.
498 3210 536 3284 Si
553 3212 627 3284 hoc
647 3208 872 3286 instrumento
887 3210 1028 3285 inventa
1042 3212 1154 3307 aliqua
1171 3210 1276 3284 fuerit
1294 3209 1445 3284 obscuri-

244 3352 270 3385 „
295 3330 369 3392 tas,
394 3332 522 3403 exque
539 3304 1021 3405 poffitnascicontroverfia,
1049 3309 1243 3379 remittetur
1262 3328 1380 3379 earum
1392 3310 1445 3379 iu·

245 3444 269 3480 n
296 3410 498 3501 terpretatio
518 3402 780 3489 confoederatis,
802 3406 866 3500 qui
883 3408 995 3488 votis,
1021 3405 1058 3478 &
1076 3398 1243 3476 consensu
1262 3405 1443 3488 omnium,

244 3540 268 3577 η
295 3499 396 3595 super
420 3526 462 3577 eo
480 3503 627 3577 statuent
635 3526 656 3588 ,·
674 3520 782 3597 prout
794 3502 985 3575 convenire
1007 3498 1262 3583 intellexerint,
1287 3500 1325 3573 dc
1340 3498 1366 3572 ri
1381 3523 1443 3576 eor
1546 3536 1554 3550 ·

245 3639 269 3674 η
294 3598 384 3669 inter
400 3594 435 3670 se
454 3597 650 3693 discrepare
664 3593 849 3681 acciderit,
871 3592 1044 3671 reseretur
1065 3596 1110 3670 de
1130 3595 1375 3671 controverfiis
1397 3600 1443 3673 ad

242 3734 267 3773 n
295 3693 476 3776 dominos;
502 3694 620 3766 locum
642 3714 798 3769 tenentes
821 3690 1107 3780 provinciarum,
1132 3715 1173 3767 ut
1198 3691 1311 3788 supra.

293 3834 316 3869 „
342 3786 487 3863 XXXII.
513 3786 553 3861 Si
569 3789 790 3864 necessarium
807 3790 913 3863 fuerit
936 3811 1062 3883 augere
1084 3808 1144 3862 aut
1163 3790 1346 3862 immutare
1362 3790 1444 3865 arti-

241 3930 266 3969 „
292 3889 391 3962 culos
407 3886 511 3980 hujus
532 3886 672 3959 unionis
693 3910 735 3961 ac
760 3882 1065 3961 conftederationis
1093 3886 1129 3959 in
1151 3884 1355 3979 quibusdam
1374 3885 1442 3961 suit

241 4029 265 4065 η
291 3984 450 4081 puritia,
476 3980 535 4054 fiet
553 3980 656 4052 etiam
674 3982 745 4057 hoc
763 3984 921 4057 omnibus
945 3979 1257 4057 confoederatorum
1281 3985 1375 4058 votis
1400 4008 1443 4061 ac

240 4125 264 4167 η
291 4076 475 4161 consensu,
502 4076 540 4150 δι
556 4100 775 4177 nequaquam
797 4080 906 4156 aliter.
1323 4089 1329 4103 '

293 4222 314 4257 ,,
341 4172 505 4271 ΧΧΧΙΙΙ.
540 4170 755 4269 Promisdre,
789 4178 1073 4276 promittuntque
1111 4174 1214 4251 ontae
1246 4173 1444 4348 Provincia}

1296 4318 1319 4356 rr
1369 4300 1417 4351 UO

283 4364 475 4453 *Intelligm
496 4364 736 4456 Ultrajeciurn.
861 4366 1000 4453 nege:
1021 4366 1139 4441 absint.
1345 4300 1370 4375 q

290 4470 379 4549 Tora.
396 4470 591 4554 ll.Parra.
682 4460 697 4493 ⁸
903 4468 968 4543 Xx
