3984 5167
1884 526 1887 553 1

581 518 666 638 άςο
721 518 831 631 ].’Β.
859 509 1216 610 υΕ.ΈΑ8818
1254 514 1646 610 COMMENT.

434 716 536 790 1577·
585 674 619 808 „⁴
634 712 675 787 δι
697 711 777 804 lure
793 699 1039 782 Univerfi'r'atis
1054 694 1284 783 Lovanien‘sis
1304 694 1422 781 multis
1438 707 1506 783 suis
1527 710 1653 785 litteris
1672 710 1772 809 super

585 860 614 904 „
635 811 704 880 hoc
719 808 891 901 expeditis
908 805 1155 893 concluserint,
1180 828 1220 878 ac
1242 804 1354 877 testati
1379 803 1464 891 srnt,
1488 826 1595 899 prout
1621 832 1673 883 res
1695 810 1776 883 utut

500 932 507 943 ·
587 956 616 999 „
637 904 868 998 nostri-belgii
885 923 970 975 tunc
987 904 1154 995 temporis
1178 922 1298 997 erant,
1323 902 1505 975 traslatum
1531 902 1631 977 Pacis
1655 904 1776 979 osiavfi
1886 928 1887 941 ¹

588 1048 615 1093 „
638 1000 851 1081 Novembris
872 996 1047 1070 noviffime‘
1063 994 1187 1090 elapfi,
1212 999 1302 1069 inter
1323 998 1434 1069 distes
1463 995 1619 1073 Ordines
1648 1023 1777 1075 exunt

519 1102 524 1109 ’
586 1146 614 1189 „
636 1118 753 1189 parre,
780 1097 815 1169 δι
834 1095 1035 1188 Cognatum
1052 1094 1202 1163 nostrum
1220 1092 1428 1163 Gur’lsr'elrnum
1447 1092 1484 1165 de
1500 1092 1646 1187 Nasson,
1672 1096 1777 1169 nostri

587 1191 782 1284 „Ordinis
805 1190 990 1284 Equitem,
1015 1188 1211 1281 Principem
1231 1190 1441 1271 Auraicum,
1463 1186 1778 1265 &provinciarum

587 1302 620 1381 ‚‚'
638 1289 828 1359 nostrarum
845 1284 1068 1368 Hollandiae,
1093 1284 1129 1372 dt
1155 1282 1349 1367 Zelandiae,
1376 1306 1566 1377 eorumque
1596 1286 1779 1361 Consoede·

588 1432 615 1477 ‚,
637 1406 789 1457 rarorum
800 1404 844 1453 ex
854 1378 1188 1462 alterandum&
1205 1380 1404 1451 conclusum
1416 1434 1425 1464 ‚
1439 1380 1526 1451 nihil
1547 1379 1777 1470 fideinostrae,

588 1527 616 1572 „
638 1479 878 1572 &Religioni
896 1476 1112 1559 Catholicae,
1139 1471 1176 1545 dt
1208 1472 1422 1569 Apostolicae
1452 1476 1620 1549 Romanae
1646 1501 1780 1552 contra-

560 1591 563 1596 '
589 1623 618 1665 ,‚
639 1578 750 1660 rium,
774 1576 832 1645 vel
857 1571 1241 1655 dissonum'continere‚
1267 1569 1326 1642 sed
1346 1570 1368 1643 ὲ
1387 1594 1509 1644 contra
1534 1575 1652 1646 omnia
1680 1576 1716 1645 in
1735 1576 1780 1647 sa·

590 1716 618 1757 „
639 1692 759 1743 vorem
785 1667 824 1739 dt
853 1669 1036 1739 utilitatem
1062 1666 1154 1737 illius
1183 1662 1276 1748 esse,
1300 1662 1368 1739 sed
1398 1667 1434 1741 &
1460 1668 1607 1761 supremi
1639 1668 1781 1745 Confilii

591 1766 747 1855 „nostri
773 1761 968 1837 Consrliarii
991 1756 1233 1847 affirmarunt,
1269 1760 1462 1856 hujusmodi
1489 1764 1588 1834 Pacis
1618 1762 1781 1840 Edictum

591 1906 619 1951 ,‚
642 1862 730 1933 nibil
757 1862 793 1931 in
816 1858 849 1933 se
870 1858 1015 1943 babere,
1040 1856 1136 1948 qnod
1159 1856 1683 1951 superioritati,authoritati,ac
1700 1866 1781 1935 obe·

592 2002 620 2047 ,‚
642 1958 809 2040 dientiae,
837 1953 949 2028 ¹nobis
984 1952 1025 2026 l·
1048 1951 1149 2023 dietis
1177 1950 1372 2027 Provinciis
1400 1954 1625 2028 inferioribus
1657 1960 1781 2032 debitae

592 2102 621 2148 ‚,
641 2052 724 2127 esset
742 2055 977 2133 contrarium,
1002 2049 1086 2143 quin
1107 2046 1367 2134 etiam,&disii
1378 2048 1520 2122 Domini
1531 2049 1658 2143 legati
1676 2054 1783 2149 stupe·
1886 2078 1887 2107 ³

457 2169 462 2184 ¹
512 2171 514 2174 ·
592 2196 621 2243 ‚‚
643 2152 762 2230 riales,
796 2145 835 2219 δι
860 2146 880 2219 a
904 2143 997 2217 disto
1023 2144 1179 2216 Domino
1206 2144 1308 2218 Duce
1341 2144 1520 2238 Juliacensr
1549 2146 1782 2244 subdelegati,

592 2292 622 2339 ,‚
643 2240 797 2317 imiliter
815 2266 893 2316 curn
913 2240 1013 2312 distis
1040 2237 1245 2333 Episcopo,
1272 2241 1489 2327 Abbatibns,
1511 2244 1586 2313 aliis
1611 2240 1782 2329 Praelatis,

579 2389 621 2434 .,‚
643 2338 681 2412 dt
700 2337 857 2435 personis
882 2333 1146 2414 Ecclefiasti'cis,
1171 2334 1390 2432 supremique
1405 2336 1511 2411 nostri
1531 2337 1672 2411 Confilir
1690 2340 1785 2414 Con·

593 2485 622 2530 „
645 2435 775 2509 liliariis
790 2433 1013 2516 censue-runt,
1038 2428 1077 2503 dt
1105 2434 1389 2525 approbaverunt
1408 2436 1442 2506 id
1461 2433 1592 2527 ipsum,
1617 2440 1708 2529 quod
1729 2436 1783 2511 su-

592 2582 621 2627 „
643 2556 717 2628 pra.
764 2529 845 2603 Nos
863 2527 991 2602 diuum
1008 2527 1117 2621 Pacis
1132 2528 1295 2600 Edistum
1318 2531 1352 2599 in
1372 2532 1533 2603 omnibus
1552 2528 1620 2601 suls
1645 2535 1781 2627 punctu

593 2677 621 2722 „
643 2629 936 2723 approbavimus,
961 2643 1117 2718 gratum,
1144 2623 1180 2695 ἃ
1202 2644 1313 2696 ratum
1331 2626 1527 2712 habemus,
1552 2624 1672 2721 hisque
1696 2638 1783 2723 prae·

593 2773 622 2816 „
644 2724 795 2798 sentibus
811 2724 1063 2819 approbamus,
1089 2738 1224 2812 gratum
1244 2717 1283 2792 ἃ
1300 2742 1410 2793 ratum
1432 2722 1615 2813 habemus,
1639 2729 1784 2817 promit·

595 2867 623 2910 ,‚
645 2840 756 2893 tentes
773 2820 841 2891 fide
857 2821 972 2913 regia,
999 2818 1036 2889 &
1054 2814 1247 2911 Principis,
1271 2819 1399 2890 diuum
1430 2816 1653 2904 Tractatum,
1679 2842 1783 2915 quan

597 2962 625 3006 ,‚
647 2935 721 2987 turn
743 2916 855 2987 nostra
871 2913 999 2987 referre
1024 2913 1163 3003 viderur
1175 2962 1187 2999 ,
1212 2934 1385 3006 perpetuo
1405 2913 1652 2987 inviolabiliter
1672 2916 1785 2989 obser·

597 3057 625 3102 ,‚
646 3028 813 3096 vaturos,
838 3006 877 3080 ὅι
897 3010 943 3082 ab
958 3008 1137 3089 omnibus,
1164 3028 1311 3099 quorum
1330 3008 1486 3105 interesse
1500 3011 1649 3103 poterit,
1676 3010 1785 3085 obser·

598 3153 626 3197 „
646 3106 722 3177 vari
736 3126 930 3178 curaturos:
952 3104 1052 3198 juxta
1068 3106 1171 3195 ¹quod
1186 3107 1396 3199 generalium
1416 3102 1592 3177 Ordinum
1617 3108 1786 3181 disiarum

500 3270 505 3280 .
597 3202 838 3297 „nostrarum
864 3200 1129 3273 Provinciarum
1159 3198 1372 3272 inferiorum
1390 3204 1708 3291 convocationem,
1742 3202 1786 3277 de

597 3346 626 3393 ,‚
648 3300 717 3392 qus
733 3298 839 3371 tertio
863 3298 945 3369 disti
970 3292 1133 3368 trasiatus
1150 3294 1250 3368 Pacis
1273 3300 1418 3369 articulo
1441 3300 1569 3370 mentio
1589 3296 1647 3383 fit,
1684 3322 1788 3393 atque

596 3444 626 3490 „
648 3394 949 3477 eademsorml,&
967 3392 1102 3481 modo,
1127 3394 1271 3487 parique
1289 3390 1433 3473 effectu,
1459 3415 1563 3488 atque
1582 3395 1615 3463 in
1632 3395 1727 3467 disto
1739 3418 1790 3467 ar·

598 3539 627 3585 ,‚
649 3492 758 3562 ticulo
768 3490 870 3562 latins
880 3486 1126 3563 continebatur
1137 3486 1213 3559 fieri
1227 3489 1472 3577 concedimus,
1483 3502 1592 3583 atque
1601 3488 1786 3565 sancimus.
1885 3564 1887 3599 1

647 3634 674 3679 ‚‚
698 3582 880 3658 Lxxvll.
907 3584 993 3657 Item
1018 3584 1265 3668 concedimus,
1284 3582 1487 3669 statuimus,
1510 3582 1547 3655 &
1571 3586 1789 3671 ordinamus,
1886 3610 1887 3631 ¹

599 3733 627 3779 „
649 3682 745 3775 quod
765 3699 904 3766 ornnes,
929 3678 966 3750 δι
981 3674 1104 3772 singuli
1120 3681 1244 3751 milites
1265 3680 1389 3767 nostri,
1417 3678 1581 3775 Hispani,
1596 3678 1789 3765 Germani,
1885 3666 1887 3733 i

598 3829 627 3874 „
650 3780 744 3863 itali,
770 3774 1068 3871 Burgundiones,
1099 3776 1156 3847 alii
1185 3772 1375 3858 Extranei,
1398 3794 1466 3847 tam
1498 3776 1661 3889 equestris
1685 3800 1791 3873 quarn

533 3908 543 3927 ·
599 3873 816 3971 „pedestris
855 3871 1008 3959 ordinis,
1031 3872 1067 3943 in
1089 3872 1189 3944 distis
1211 3870 1333 3943 nostris
1364 3868 1556 3945 Provinciis
1580 3874 1616 3944 in
1640 3873 1793 3967 praesens
1886 3944 1887 3951 ,

599 4018 630 4063 ‚,
651 3971 837 4067 degentes,
869 3968 994 4051 libere,
1032 3966 1070 4040 &
1097 3965 1225 4061 absque
1248 3968 1321 4039 ullo
1343 3967 1616 4063 impedimento,
1641 3968 1662 4040 ὲ
1690 3966 1794 4043 distis
1886 3968 1887 4029 u

600 4112 629 4159 „
650 4068 770 4139 uostris
781 4065 977 4146 Provinciis
993 4064 1299 4158 excedant,atque
1318 4062 1386 4146 ita,
1412 4068 1574 4159 utneq‘ue
1588 4062 1650 4157 ipfi
1667 4068 1795 4138 eodem
1884 4034 1887 4097 Δ

600 4206 630 4253 „
651 4162 801 4248 reverti,
826 4183 939 4257 neque
964 4160 1021 4231 alii
1045 4181 1166 4232 eorum
1189 4160 1271 4233 loco
1295 4161 1388 4232 mitti
1416 4159 1560 4254 possint,
1586 4182 1693 4257 quare
1715 4164 1795 4234 nul·
1886 4164 1887 4167 ’

598 4301 627 4350 ,,
648 4257 719 4332 lum
750 4259 851 4330 nobit
883 4278 963 4330 cum
996 4273 1162 4329 extraneo
1194 4252 1291 4328 hoste
1322 4257 1451 4329 bellum
1487 4258 1578 4341 erit,
1618 4276 1680 4327 aut
1728 4256 1794 4331 nisi

595 4399 626 4451 ‚,
646 4352 790 4429 omuino
810 4373 855 4431 ea
883 4347 1056 4431 necesitas
1085 4350 1220 4449 suerit,
1260 4372 1340 4451 quae
1374 4352 1593 4451 generalibus
1620 4348 1793 4527 diibofiutpr
1885 4394 1887 4471 q

901 4514 908 4525 .
1614 4494 1643 4545 υ
1780 4488 1797 4503 -
1886 4472 1887 4519 l
