3984 5167
374 542 687 637 tinen
757 540 1250 643 octavus.
1315 574 1422 701 ¹529

230 737 354 835 ‚spuit
376 740 551 813 exercitus
584 736 717 822 noster,
742 736 848 813 Duce
877 736 1057 811 fortissimo
1073 739 1257 811 Alexandro
1274 740 1418 830 Furnrfio
1469 720 1573 841 1593:

229 878 251 913 a
276 838 427 923 Parme,
456 836 492 909 δι
508 834 679 907 Placentia
699 835 826 920 Duce,
852 860 896 907 en
915 838 1075 909 manibus
1091 835 1330 923 inimicorum,
1350 840 1420 931 jam

227 974 251 1010 a
274 932 492 1027 perituram,
518 933 668 1005 maximo
693 954 774 1003 cum
790 933 932 1017 labore,
957 933 1113 1005 inauditi
1129 932 1338 1012 constantia,
1359 940 1421 1007 mi·

227 1070 249 1107 a
274 1028 446 1123 rabilique
462 1028 609 1114 virture,
634 1048 676 1101 ac
703 1030 847 1123 optimis
874 1027 1014 1101 civibus
1042 1026 1305 1111 conservatam,
1331 1032 1421 1103 hane

226 1166 250 1201 η
273 1123 399 1218 ipsam,
425 1124 589 1219 infignem
610 1125 788 1198 civitatem
809 1123 1046 1218 iarfiansm,
1072 1126 1109 1196 in
1139 1146 1210 1219 qua
1233 1126 1424 1220 loquimur:

226 1262 250 1300 a
272 1220 370 1293 Idem
393 1218 523 1293 salium
543 1220 608 1291 fuit
625 1222 822 1315 Ruthomagi.
858 1223 1001 1293 Accidit
1021 1224 1065 1295 ad
1081 1220 1118 1293 id
1134 1219 1302 1294 summum
1319 1224 1422 1317 quio

226 1360 249 1395 n
274 1320 393 1415 piam,
410 1318 459 1391 =&
479 1314 622 1388 forsitan
643 1317 836 1389 inauditum
856 1315 1056 1485 exemssilum
1076 1319 1261 1391 amicitie:
1298 1320 1422 1409 Phiiip-

227 1454 250 1491 .‚
271 1430 367 1507 puin,
393 1409 528 1506 Regem
552 1408 797 1501 Catholicurn,
823 1410 880 1485 sua
907 1415 950 1485 de
967 1410 1089 1485 eruisse
1115 1434 1196 1488 curn
1223 1412 1420 1489 incredibili

228 1551 252 1586 υ
276 1510 504 1592 detrimento,
530 1526 569 1579 ut
588 1508 689 1581 vobis
713 1510 967 1603 0piruiaretur;
994 1510 1115 1581 habuit
1133 1513 1228 1605 apud
1252 1529 1316 1583 vos
1336 1508 1421 1581 lem-

226 1632 256 1682 „·
274 1604 537 1699 perminiiiroe
569 1602 676 1691 suos,
708 1608 769 1699 qui
793 1624 857 1677 vos
882 1606 918 1677 in
942 1608 996 1679 bia
1022 1622 1136 1677 rerum
1159 1604 1420 1678 difficultatibus

227 1742 252 1779 a
277 1698 557 1787 consolarentur,
583 1704 748 1797 omnique
772 1700 965 1775 officiorum
988 1717 1122 1796 genere·
1140 1702 1268 1796 praesto
1290 1700 1420 1774 essent:

228 1838 252 1875 ‚‚
277 1796 355 1869 sunt
371 1798 474 1867 etiam
493 1796 764 1890 nuncgdiuque
775 1796 911 1871 fuerunt
922 1803 1038 1893 copiae
1050 1798 1216 1870 militares
1231 1818 1299 1892 pro
1313 1798 1421 1869 salute
1451 1879 1457 1887 ,
1528 1846 1537 1861 .

228 1934 250 1971 η
275 1890 390 1966 vestri
407 1891 515 1985 usque
535 1894 581 1963 ad
606 1914 725 1965 necem
742 1914 896 1989 paratae,
916 1897 1032 1989 aesque
1048 1893 1189 1968 consum
1255 1916 1288 1964 ni
1306 1894 1422 1965 inillis

226 2032 248 2066 a
272 1988 410 2082 superat
435 1986 493 2060 sex
526 1999 709 2061 aureorum
745 2009 964 2066 nummorum
987 1991 1147 2062 miliones
1186 1912 1421 2084 ffivomnt)

227 2126 250 2162 n
275 2086 372 2158 nullo
391 2084 529 2155 interim
548 2084 734 2157 commodo
754 2104 797 2156 ex
811 2086 871 2161 bis
890 2086 1053 2159 omnibus
1079 2089 1122 2158 ad
1144 2080 1280 2179 Regem
1303 2106 1421 2156 meum

226 2224 248 2259 a
274 2182 442 2253 derivato.
467 2179 507 2249 N
509 2204 549 2253 ec
566 2200 680 2254 tamen
698 2182 752 2253 his
771 2202 973 2266 contentus,
991 2181 1076 2277 quid
1091 2200 1160 2276 pro
1178 2178 1420 2254 salutaverim
1540 2210 1545 2219 ·

226 2318 249 2353 n
274 2279 417 2349 ulterius
432 2276 546 2371 pollet
566 2278 710 2370 agitari,
734 2277 815 2362 diu,
841 2281 1056 2370 multumque
1071 2276 1253 2370 cogitavit.
1280 2272 1422 2347 Institit·

226 2413 249 2451 „
273 2394 348 2467 que,
368 2372 537 2456 tandem,
562 2372 660 2466 quod
686 2392 794 2468 caput
819 2376 869 2444 rei
896 2367 998 2454 esset,
1024 2392 1063 2445 ut
1089 2369 1289 2465 congressus
1315 2370 1418 2463 liujus

227 2511 251 2547 i,
277 2466 497 2541 celeberrimi
522 2488 718 2539 conventus
747 2462 980 2541 celebraretur
1002 2493 1019 2550 3·
1048 2468 1143 2561 apud
1173 2466 1323 2540 summos
1347 2469 1422 2560 egit

225 2608 249 2643 ‚‚
276 2560 487 2647 Pontifices,
509 2580 549 2633 ut
563 2562 823 2659 vosvestraque
842 2564 957 2634 omnia
973 2562 1422 2656 amplediarentummequc

225 2702 250 2738 n
275 2661 377 2733 etiam
394 2660 519 2731 advos
539 2656 651 2745 misit,
677 2678 717 2731 uc
733 2659 818 2754 quid
826 2656 878 2730 sui
897 2654 1030 2731 consilii
1045 2661 1082 2729 in
1091 2656 1159 2730 hic
1174 2679 1212 2730 re
1228 2675 1297 2729 tani
1309 2657 1419 2729 ardua

225 2798 249 2834 „
274 2750 376 2841 esset,
390 2754 493 2827 vobis
508 2751 570 2826 suo
586 2755 725 2829 nomine
746 2756 957 2849 explicarem
968 2802 979 2837 ,
990 2751 1163 2848 vobisque
1179 2748 1420 2846 prastoeiien

224 2882 250 2931 a,
275 2852 379 2924 adid
404 2870 530 2937 omne,
555 2852 652 2945 qnod
670 2853 714 2923 ad
738 2848 880 2925 salutem
905 2846 1051 2923 vestram
1075 2850 1278 2945 penideret.
1327 2846 1421 2937 Qua

226 2990 252 3027 ‚‚
277 2948 393 3020 omnia
409 2942 522 3020 officia
538 2965 607 3017 tam
624 2947 808 3041 preclara,
828 2944 1113 3040 tanmagnitca,
1131 2961 1202 3018 tam
1217 2964 1332 3028 certa,
1349 2962 1422 3018 ram

225 3062 250 3122 ἡ,
276 3043 419 3116 illustria
435 3043 602 3117 videntur
619 3040 704 3126 eisc,
716 3043 830 3137 qualia
845 3038 984 3115 fortasse
1001 3042 1097 3115 nulli
1111 3058 1235 3128 etate,
1259 3040 1422 3114 necGal·

224 3184 250 3220 .,
274 3140 321 3212 lia
338 3138 432 3235 ipsa,
460 3160 525 3212 nec
552 3138 646 3212 aliud
664 3158 817 3235 ,regnum
842 3139 878 3211 in
901 3136 1032 3212 summi
1061 3138 1252 3212 neceiiitare
1275 3156 1422 3231 experta

225 3278 250 3315 υ
275 3256 426 3331 unquam
445 3228 535 3309 sunt.
586 3230 626 3307 ln
650 3256 694 3309 eo
718 3233 793 3309 solo
819 3232 967 3309 vestram
995 3236 1152 3307 emnium
1178 3228 1320 3306 salutem
1340 3228 1422 3304 Rex

224 3374 250 3411 n
276 3331 481 3406 Catholicae
508 3329 605 3405 sitam
635 3330 702 3407 else
729 3330 918 3417 existimat,
942 3351 983 3404 ut
1011 3333 1042 3401 ir
1066 3332 1167 3412 Rex,
1192 3326 1437 3413 catholicus,-

226 3463 252 3505 n
278 3428 500 3501 denuntietur
522 3424 679 3513 duobis,
705 3452 746 3504 ac
764 3429 927 3522 diligatur
950 3446 994 3496 eo
1021 3427 1099 3498 zelo
1123 3420 1315 3519 Religionis
1333 3442 1424 3517 praee

225 3564 250 3602 η
277 3520 393 3607 ditur,
418 3526 475 3595 cui
492 3524 528 3599 δι
543 3524 638 3598 vires
658 3544 729 3597 nou
745 3521 877 3608 defint,
903 3520 1030 3615 quibus
1047 3518 1250 3596 rra-vestrae
1273 3537 1423 3614 compo·

226 3658 252 3698 η
277 3634 362 3710 nat,
385 3636 544 3700 tueatur,
568 3620 775 3706 conservet,
800 3616 844 3691 ab
862 3617 1011 3691 inimicia
1034 3617 1184 3703 liberem
1209 3616 1248 3691 dc
1276 3636 1350 3710 quo
1375 3613 1423 3690 sie

225 3755 252 3793 a
277 3712 483 3786 denuntiato
524 3723 629 3788 nemo
651 3714 809 3805 dubitet,
833 3714 918 3810 quin
939 3712 1022 3788 Deo
1049 3714 1236 3810 adjuvante
1251 3712 1354 3785 brevi
1377 3711 1423 3783 ad

226 3850 252 3891 ‚‚
277 3804 458 3905 pristinum
473 3808 546 3881 Dei
567 3812 718 3895 cultum,
743 3808 783 3885 dc
807 3806 1028 3907 Reipublicae
1051 3808 1273 3907 splendorem
1300 3808 1420 3879 redeo·

223 3947 250 3986 η
275 3926 352 3990 tur,
379 3905 564 4001 omniaque
586 3907 621 3977 in
636 3905 812 4003 integrum
839 3908 1073 3982 restituantur.
1113 3905 1213 3978 illud
1237 3922 1353 3976 tamen
1369 3903 1424 3975 in·

225 4044 251 4083 „
277 4003 401 4101 primis
427 4020 547 4097 rogat,
571 4000 831 4100 obtestaturque
853 4025 892 4077 ut
917 3999 1046 4097 absque
1070 4001 1142 4076 ulli
1172 3996 1422 4111 cundiatiouet,

224 4140 250 4181 n
276 4124 331 4176 res
351 4116 427 4173 tota
448 4099 525 4171 haec
542 4094 679 4171 semotis
703 4098 850 4194 privatis
865 4096 1307 4273 affefflbus‘ffleerficiatur,
1340 4114 1422 4192 qum

225 4328 260 4368 „-
276 4294 346 4365 nlla
370 4290 411 4365 fir
434 4292 616 4367 dubitandi
647 4291 771 4380 causa,
797 4313 873 4369 eam
903 4288 1012 4391 ipsum
1037 4195 1298 4393 opemzidgtuitss
1313 4194 1426 4385 {rix

225 4422 250 4467 n
275 4386 462 4485 prestitit,
486 4388 523 4461 dt
536 4390 650 4467 multo
668 4392 786 4470 edhee
810 4390 1003 4489 majorem,
1024 4390 1051 4467 si
1069 4383 1203 4467 necess'e
1217 4386 1344 4469 sterit,
1366 4404 1426 4455 εδ·

235 4478 598 4562 ··rm.1.11.i³arsa.
637 4543 641 4549 .
890 4484 989 4587 lixa
1279 4520 1304 4559 η
1328 4478 1426 4561 dem,

225 4234 252 4272 a
276 4198 464 4271 maximum
488 4196 643 4291 alioquin
665 4198 860 4291 periculum
878 4199 915 4270 in
930 4195 1029 4270 mori
