3984 5167
401 467 696 569 utana
760 396 1255 583 QUARTUS
1381 430 1485 589 rot-

267 664 506 763 absorpturae,
524 666 561 739 in
578 686 655 741 eam
677 662 884 744 sententiam
900 664 992 754 ivit,
1015 667 1261 756 utLuoirtium,
1284 666 1321 743 &
1334 666 1464 743 Laeron
1520 684 1623 770 1578.
1710 662 1712 665 ’

157 805 160 809 >
221 828 226 839 .
266 763 566 839 conservarentur.
620 798 624 801 ⁴

317 858 448 932 XLVI.
475 858 537 931 Est
550 880 604 933 ex
621 858 778 933 morioris
796 859 912 955 Belgii
932 859 1135 936 civitatibus
1154 858 1462 956 Lemnumquod
1505 860 1510 875 '

266 975 419 1032 vacuum
441 955 566 1040 vaide,
592 952 631 1027 ἃ
650 954 741 1029 haud
768 978 944 1052 quaquam
971 958 1167 1044 munitum,
1187 953 1332 1052 copioso
1349 977 1463 1031 tamen

267 1052 319 1127 ibi
333 1049 450 1149 pofito
469 1050 628 1147 praefidio
643 1082 660 1139 ·,
686 1053 723 1125 id
750 1052 884 1149 ipsum,
909 1054 1007 1148 quod
1033 1072 1104 1125 tam
1131 1051 1264 1131 vastum
1285 1048 1367 1125 esset
1383 1074 1464 1146 pro·

265 1149 407 1223 mittere
425 1149 640 1240 videbatur,
665 1146 799 1221 hostem
822 1152 924 1224 etiam
953 1148 998 1222 ab
1024 1148 1173 1243 ejusdem
1200 1149 1464 1246 oppugnatione

264 1246 485 1321 destitutum.
534 1242 675 1316 Vocato
707 1243 893 1337 itaque-ad
923 1242 957 1315 se
982 1246 1158 1319 Chauranr'o
1182 1246 1220 1334 *,
1248 1268 1366 1319 curam
1390 1242 1464 1336 eius

114 1399 118 1407 .
267 1342 420 1431 civitatis
444 1336 676 1413 defendendae
684 1340 717 1409 ei
729 1338 912 1435 proposuit
929 1341 984 1415 his
992 1341 1272 1415 conditionibus:
1298 1343 1464 1413 darentur

266 1434 348 1511 sena
366 1436 474 1507 millia
485 1434 648 1507 Peditum
659 1435 773 1522 ‚mille
791 1437 927 1531 equites
939 1456 1105 1521 ,annonae
1115 1435 1464 1532 ,pulverisquebom

265 1531 428 1616 bernier,
451 1531 549 1626 quod
570 1528 652 1604 satis
673 1528 759 1616 esset
779 1529 836 1604 stit
863 1530 1122 1607 hebdomadum
1145 1530 1257 1629 spatio
1277 1556 1290 1619 3
1322 1530 1347 1603 st
1374 1533 1464 1605 infra

266 1626 354 1701 illud
379 1646 520 1723 tempus
541 1625 588 1699 ob
610 1624 764 1699 hostium
786 1624 1007 1701 obsidionem
1035 1629 1162 1703 anxilio
1185 1626 1247 1701 suo
1272 1628 1466 1723 indigeret,

265 1722 465 1797 nullatenus
488 1720 745 1796 eiabfuturum.
784 1726 981 1797 enarramus
1003 1725 1125 1799 lubens
1140 1748 1221 1799 eant
1245 1726 1465 1819 provinciam

265 1820 427 1915 recepit,
450 1816 698 1915 pollicitusque
726 1819 795 1905 est,
820 1817 855 1893 se
880 1838 941 1893 aut
964 1822 1195 1909 moriturum,
1214 1840 1273 1892 aut
1302 1840 1378 1893 roto
1401 1823 1463 1896 illo

263 1937 426 2014 tempore
452 1917 629 1989 civitatem
657 1912 953 1989 conservaturum.
1011 1915 1117 1991 Missa
1143 1918 1192 1991 ita
1219 1939 1264 1989 ne
1293 1917 1463 1991 contiuuo

263 2014 374 2089 totius
397 2008 473 2087 fere
487 2013 661 2090 exercitus
677 2009 828 2106 plaustra
849 2064 862 2100 ,
887 2008 937 2086 'nc
955 2012 1117 2131 vehicula
1143 1940 1400 2085 adiuomrnum
1424 2008 1463 2087 de

191 2179 195 2187 .
262 2110 403 2197 Nares,
427 2109 489 2205 qui
520 2107 694 2181 Namurci
722 2127 824 2193 erat,
851 2129 892 2183 ut
921 2110 1076 2184 triticum
1106 2106 1303 2183 Lovaniun
1333 2109 1462 2183 vettni
1508 2158 1513 2165 -

261 2226 429 2295 curaret,
449 2206 551 2301 quod
569 2202 721 2279 cumbis
746 2204 792 2279 eo
822 2202 904 2279 esset
921 2198 1179 2300 inportatam,
1210 2207 1388 2301 multaque
1409 2206 1462 2277 in·

262 2300 370 2399 super
384 2300 551 2377 frumenti
573 2299 691 2397 seges,
720 2300 814 2374 circa
841 2302 1013 2397 oppidum
1042 2303 1115 2399 jam
1138 2318 1272 2375 matuta
1298 2324 1343 2373 ex
1370 2306 1460 2397 agris

264 2398 490 2484 deferretur,
526 2395 748 2491 similiterque
768 2397 812 2469 de
836 2394 968 2492 pabulo
994 2395 1157 2485 adusum
1183 2418 1354 2493 equorum
1379 2396 1463 2473 esset

262 2491 476 2593 provisum,
509 2492 704 2568 brevissimo
736 2493 903 2585 temporis
936 2491 1049 2587 spatio
1072 2494 1197 2567 civitat
1222 2493 1355 2567 munita
1389 2492 1462 2578 est,

262 2590 477 2682 umoreque,
496 2586 535 2661 &
552 2587 733 2682 vigilantia
754 2583 915 2660 Praefecti
926 2608 1030 2662 cetto
1054 2586 1251 2661 conservari
1272 2586 1368 2683 posse
1390 2610 1463 2663 cre·

264 2681 427 2760 debatur.
450 2688 582 2758 Lector
607 2683 796 2779 parvulum
820 2700 898 2755 erat
921 2684 1124 2779 oppidum„
1149 2680 1210 2757 sed
1233 2683 1358 2757 naturi
1383 2682 1463 2759 satis

261 2782 465 2865 monitum„
478 2780 536 2853 ad
551 2780 655 2875 hujus
677 2774 911 2852 defensionem
929 2782 1036 2876 elegit
1045 2780 1204 2875 Joanntm
1222 2778 1402 2947 Buptl'finm
1414 2781 1465 2854 sti

260 2877 404 2964 Monte,
419 2878 480 2971 qui
496 2875 649 2953 libenter
667 2875 870 2961 idmuneria
895 2874 1065 2971 suscipere
1076 2872 1289 2961 excusasset,
1324 2876 1367 2950 ed
1383 2900 1463 2973 per·

262 2969 404 3047 sistente
419 2971 588 3071 Atrflriaco
603 2973 643 3066 in
658 2971 720 3046 suo
737 2970 942 3069 proposito,
958 2976 1083 3049 eodem
1100 2972 1227 3059 modo,
1244 2996 1317 3071 quo
1327 2972 1463 3047 Charra·

261 3071 336 3142 nius
364 3070 539 3165 oppidulo
567 3066 757 3164 providit,
787 3065 1038 3165 sufficientique
1073 3066 1237 3165 praestdio
1268 3067 1462 3165 impofito,

265 3166 390 3240 tuendi
414 3167 490 3260 ejus
509 3186 628 3242 curam
649 3167 687 3237 in
706 3162 741 3238 se
761 3163 921 3261 suscepit.
969 3164 1126 3240 Diestam
1154 3162 1251 3260 quod
1274 3187 1346 3237 non
1373 3164 1462 3241 adeo
1609 3232 1611 3235 .

261 3265 381 3356 magni
398 3264 579 3336 videretur
600 3259 666 3335 esse
681 3264 868 3348 momenti,
888 3265 958 3355 jam
974 3262 1058 3357 jnssi
1081 3280 1181 3336 erant
1199 3256 1354 3333 deserere
1376 3262 1463 3335 mili-

261 3373 340 3439 ter,
350 3358 416 3453 qui
432 3359 482 3432 ibi
498 3376 614 3432 erant:
638 3355 694 3432 sed
710 3358 974 3433 reclamantibus
990 3357 1166 3442 Civibus,
1190 3355 1348 3441 Anthemio
1359 3356 1461 3429 etiam

268 3446 398 3545 Tafftn,
422 3455 483 3547 qui
500 3453 551 3528 ibi
563 3454 720 3549 eousque
744 3452 807 3528 sub
832 3454 962 3549 Journe
986 3450 1134 3548 Baptista
1157 3450 1207 3523 dcl
1219 3450 1353 3541 Monte,
1379 3474 1462 3526 cum

253 3543 358 3619 binis
375 3546 443 3619 suis
457 3550 668 3625 cohortibus
677 3550 781 3625 Italis
795 3571 941 3645 egerat,
964 3551 1193 3646 promittente
1224 3543 1258 3619 se
1284 3544 1464 3623 civitatem

261 3639 566 3731 conservaturum,
590 3648 688 3720 illum
706 3648 754 3719 ibi
764 3668 844 3721 cum
853 3643 1016 3741 praesidio
1035 3645 1184 3740 reliquit.
1204 3635 1461 3727 Trimontium,

262 3735 500 3821 Sichemium‚
525 3739 770 3831 Arschotium,
801 3742 839 3817 &
858 3739 1077 3833 Gidonium,
1100 3758 1180 3813 cum
1204 3738 1332 3811 nullius
1357 3738 1462 3813 essent

262 3834 434 3921 momenti
456 3832 526 3905 fine
540 3834 702 3930 praesidio
719 3839 847 3910 relisit„

254 3928 259 3937 '
305 3926 462 4003 XLVII.
488 3928 754 4006 Caeterumcum
770 3932 996 4028 impositione
1015 3933 1184 4008 dissutum
1203 3927 1460 4027 praesidiorum,

115 4108 118 4112 ,
263 4026 453 4101 dimunitus
479 4024 562 4100 esset
577 4030 772 4116 exercitur,
794 4028 933 4124 jusserat
949 4033 993 4104 de
1004 4032 1142 4125 integro
1162 4050 1264 4124 qnam
1282 4028 1461 4101 celerrime

235 4222 239 4227 ¹
261 4120 436 4199 conscribi
451 4145 551 4200 terna
569 4124 675 4197 miliia
686 4122 943 4201 Germanorum
960 4122 1132 4240 liquitum
1143 4144 1162 4216 ‚'
1180 4122 1354 4201 destinatis
1365 4126 1461 4233 mille

1244 4234 1248 4239 '
1358 4239 1462 4317 quin·

267 4370 273 4379 ·
417 4330 567 4419 thesi:
589 4335 678 4404 Baro
699 4332 964 4513 deChevreQu.
1012 4404 1038 4419 fl

940 4444 1010 4520 qo
