3984 5167
318 600 323 609 .
421 560 428 566 -
566 562 645 652 522
703 528 813 643 nn.
850 550 922 621 nn
957 522 1204 619 nassis
1242 524 1629 623 donnana.

417 756 520 833 1592.
566 774 589 811 n
615 728 774 804 dubitare
790 720 910 819 possit·
926 708 1163 795 Concedimus
1181 718 1293 792 eidem
1311 716 1422 805 Duri,
1449 744 1597 810 meram,
1611 746 1767 823 puram,

569 870 591 907 ,ι
618 820 900 908 irrevocabilem,
926 840 1033 913 atque
1049 816 1283 892 omnimodam
1302 814 1523 907 facultatem,
1542 845 1647 918 quam
1659 828 1768 898 rebus

570 968 593 1002 ‚‚
618 919 722 1017 ipsius
738 917 902 1012 expedire
919 914 1120 999 videbitur,
1146 933 1217 985 ram
1234 934 1317 986 cum
1335 910 1538 1005 praefertis,
1564 915 1769 995 Ordinibus-

570 1063 595 1101 „
621 1018 739 1103 simul,
765 1035 869 1112 quam
886 1013 961 1085 aliis
980 1009 1256 1106 quibuscumque
1281 1008 1325 1082 ab
1340 1010 1425 1107 ipsis
1443 1010 1641 1089 Ordinibus
1660 1019 1769 1115 depu-
1875 1047 1876 1062 ι

572 1157 598 1196 n
622 1117 722 1201 tatis,
747 1110 803 1187 seu
828 1107 1056 1202 deputandis:
1081 1128 1162 1201 quae
1179 1127 1266 1180 uero
1283 1104 1326 1178 ab
1360 1107 1437 1204 ipso
1464 1113 1558 1184 Duce
1573 1116 1676 1187 Faria
1695 1116 1770 1210 pul·
1875 1169 1876 1182 ,

572 1256 599 1294 n
624 1214 742 1293 licita,
765 1223 968 1300 acceptata,
993 1201 1165 1289 stabilita,
1189 1226 1232 1277 ac
1249 1200 1379 1277 sancita
1405 1204 1630 1305 fuerint,‚ex
1655 1230 1767 1297 nunc,
1875 1203 1876 1234 ³

575 1352 599 1389 .,
610 1358 614 1365 -
624 1330 692 1407 pro
708 1325 747 1379 ut
761 1327 806 1377 ex
824 1322 908 1377 tunc
917 1322 1001 1374 acce
1029 1319 1164 1384 tamus,
1180 1300 1438 1395 promittimus,
1454 1304 1772 1390 accunfirmamur,

577 1448 600 1483 2,
625 1407 753 1498 illaque
768 1398 905 1485 omnia,
930 1395 968 1468 δι
1000 1398 1141 1491 ungula,
1165 1417 1259 1485 rata,
1284 1418 1409 1490 grata,
1436 1400 1593 1474 &firme
1613 1400 1701 1491 ess‘e,
1734 1404 1768 1476 dt

579 1542 602 1580 n
627 1500 702 1575 iore
736 1500 919 1581 volumus,
944 1513 1050 1588 atque
1090 1491 1315 1577 attestamur,
1341 1516 1446 1588 atque
1472 1498 1509 1567 in
1532 1499 1644 1571 verbo
1672 1499 1769 1593 regio

580 1642 603 1677 ‚,
628 1597 875 1695 promittimus.
899 1588 1062 1686 Insuper,
1082 1609 1127 1661 ne
1139 1591 1217 1684 quin
1234 1586 1332 1663 casus
1349 1613 1420 1663 rem
1440 1613 1570 1665 tantam
1587 1595 1772 1691 impediat,

581 1737 605 1775 ‚‚
632 1692 765 1766 stiorte
786 1691 947 1761 itinerum
966 1688 1225 1780 longinquitas,
1248 1687 1310 1757 vel
1330 1683 1353 1755 sl
1376 1691 1467 1759 mala
1492 1693 1680 1773 ualetudo,
1705 1689 1772 1764 sive
1876 1687 1877 1764 ἶ

583 1834 606 1869 ,‚
632 1792 727 1886 quod
744 1785 837 1860 aliud
854 1780 1065 1857 obstaculum
1087 1783 1292 1877 praediaun
1309 1779 1408 1855 Fene
1425 1785 1547 1857 Ducem
1562 1789 1775 1871 retardaret,
1876 1767 1877 1859 Ῐ

584 1930 607 1965 a,
634 1908 694 1960 aut
718 1880 920 1979 impediret,
945 1880 1027 1953 ideo
1050 1877 1128 1973 ipso
1142 1878 1301 1963 absente,
1327 1900 1387 1950 aut
1415 1881 1617 1974 impedito,
1648 1885 1772 1979 quovis
1876 1883 1877 1972 l

586 2026 609 2061 ‚‚
635 1984 766 2067 modo,
802 1979 956 2050 eamdem
986 1978 1204 2062 facultatem,
1229 1974 1388 2069 plenam,
1412 1979 1671 2064 omnimodam,
1694 2002 1775 2074 per·

587 2123 611 2156 n
636 2078 782 2161 festam,
798 2094 901 2169 quam
918 2074 954 2143 in
972 2071 1085 2167 ipsum
1101 2092 1140 2143 ut
1154 2070 1257 2168 supra
1272 2072 1496 2161 contulimus,
1505 2080 1654 2149 eamdent
1665 2077 1777 2149 nihilo
1876 2079 1877 2084 ’

586 2218 613 2255 ,‚
639 2178 873 2255 immutatam,
898 2169 958 2241 vel
973 2190 1078 2263 quam
1100 2166 1165 2263 ipsi
1188 2166 1306 2265 potius
1333 2168 1565 2259 haberemus,
1581 2170 1774 2266 suprasen·

588 2316 612 2351 n
639 2296 709 2359 tes,
736 2288 840 2362 atque
864 2286 982 2339 coram
1009 2263 1186 2339 constituti
1209 2260 1419 2351 adessemus,
1445 2268 1599 2341 eamdem
1623 2272 1779 2343 totaliter

589 2412 612 2447 n
639 2365 847 2443 conferimus
870 2360 906 2433 in
924 2362 1081 2453 Juantrem
1100 2364 1132 2435 B
1188 2358 1280 2455 istam
1301 2384 1322 2431 a
1342 2356 1470 2457 Tnffls,
1489 2384 1593 2459 arque
1618 2366 1777 2439 Didacunr

589 2508 614 2545 ‚‚
639 2466 836 2546 ailberto,
862 2454 1114 2543 Consiliarios‚
1198 2455 1369 2529 ministros
1391 2456 1561 2546 nostros,
1584 2481 1693 2556 utque
1714 2458 1781 2557 ipsi

591 2605 615 2637 n
641 2560 758 2634 nostro
777 2557 933 2641 nomine,
947 2553 1216 2649 quomodolibet
1228 2551 1474 2642 stabiliverunt,
1489 2558 1633 2654 plenum
1645 2556 1783 2631 sortian-
1877 2603 1878 2630 ι

593 2702 616 2736 2,
643 2681 700 2731 tur
723 2654 907 2737 effectum,
926 2672 1032 2746 atque
1048 2652 1092 2725 ad
1109 2649 1260 2725 amuffim
1276 2648 1518 2743 observentur,
1544 2654 1644 2751 quod
1665 2678 1784 2729 utute·

594 2798 619 2833 η
644 2757 712 2828 lius
738 2749 874 2844 dejure
891 2746 1008 2841 potest
1038 2746 1170 2836 (etiam
1195 2748 1248 2821 uti
1271 2744 1443 2844 fecimus)
1467 2751 1505 2823 in
1534 2753 1648 2824 verbo
1669 2749 1782 2825 nostro
1877 2759 1878 2782 ¹

595 2892 618 2927 η
645 2849 742 2943 regio
767 2848 982 2942 pollicemur.
1021 2843 1064 2915 In
1088 2864 1235 2940 quorum
1251 2841 1356 2916 fidem
1374 2843 1562 2939 praesentes
1577 2846 1712 2921 litterar
1730 2870 1783 2921 ex·

592 2988 620 3023 ,ι
646 2946 761 3042 pediti
776 2940 948 3037 julltmns,
973 2962 1078 3013 manu
1094 2938 1210 3013 nostrai
1237 2935 1470 3035 subscriptae,
1496 2940 1536 3015 dr
1560 2941 1663 3040 figilli
1684 2944 1784 3019 nostri

437 3105 440 3117 .
592 3085 620 3120 a,
645 3041 732 3136 regii
750 3034 961 3134 appensione
983 3038 1143 3110 munitat.
1176 3034 1316 3108 Datum·
1326 3036 1363 3109 in
1382 3036 1433 3110 D.
1450 3038 1697 3118 Maria-Stellae
1712 3041 1785 3114 Cre

598 3182 620 3219 n
648 3140 756 3212 nobio
765 3189 777 3225 ,
803 3136 858 3207 die
874 3130 1043 3227 vigenna
1060 3132 1183 3228 quarti
1198 3130 1370 3205 Octobris
1391 3153 1494 3227 1592.
1506 3134 1527 3171 ’'

645 3233 711 3309 Ill.
738 3232 797 3307 Sic
811 3228 888 3305 fore
905 3230 1044 3325 sperans
1062 3230 1199 3303 nullum.
1214 3228 1251 3302 in
1277 3228 1483 3306 tanslatione
1507 3231 1591 3304 oriri
1612 3232 1708 3328 posse
1728 3236 1789 3307 ini·

599 3330 870 3429 pedimentum,
907 3349 978 3421 quo
1003 3328 1116 3399 minus
1142 3328 1327 3421 adjuvante
1352 3327 1515 3401 Candaule
1537 3327 1721 3403 Placentino
1747 3327 1791 3404 ad

601 3428 725 3505 eadem
740 3424 881 3501 comitia
901 3421 925 3495 S
955 3421 1055 3498 Sedis
1074 3422 1228 3517 Legem,
1247 3422 1477 3521 omnibusque
1502 3426 1633 3513 bonis,
1665 3449 1720 3500 res
1749 3426 1789 3499 ad

602 3546 763 3621 optatum
781 3522 966 3595 duceretur
985 3518 1101 3594 finem.
1128 3518 1334 3595 Convocata
1348 3518 1446 3595 fudre
1464 3521 1666 3597 animarat
1676 3524 1793 3599 Comi·

601 3625 672 3709 tia,
693 3618 958 3709 convenereque
983 3620 1121 3691 Lutetia
1133 3667 1145 3703 ,
1170 3639 1215 3691 ex
1243 3640 1458 3715 unoquoque
1482 3616 1624 3694 Ordine
1646 3619 1796 3717 insignes

603 3718 704 3793 multi
723 3711 809 3797 viri,
828 3714 1038 3810 tandemque
1059 3716 1165 3802 etiarn
1191 3710 1305 3789 adfuit
1329 3715 1411 3789 Dua
1429 3713 1550 3803 Faria,
1593 3718 1631 3790 ui
1654 3718 1799 3791 ceum

603 3814 736 3891 triremi
759 3806 881 3887 vectus
898 3862 910 3898 ,
941 3811 1024 3885 inde
1038 3810 1174 3885 Romam
1189 3808 1341 3886 terrestri
1357 3812 1484 3886 itinere
1496 3741 1682 3909 prosestnt
1697 3836 1795 3900 erat,

601 3915 650 3989 ad
675 3908 911 3984 obedientiam
935 3905 987 3981 sui
1009 3906 1120 4003 Regia
1144 3908 1285 3983 nomine
1307 3904 1443 3985 summo
1457 3911 1622 3986 Pontifici
1634 3912 1796 4009 praestan·

603 4012 705 4097 dam,
726 4028 793 4102 pro
809 4005 992 4092 armonia,
1026 4028 1100 4100 qun
1120 4002 1318 4079 solemniter
1331 4004 1476 4101 peraeto
1496 4059 1508 4090 ,
1530 4030 1614 4082 cum
1635 4007 1794 4085 Medou-
1877 4041 1878 4104 l

604 4128 680 4177 num
697 4098 866 4191 venisset,
889 4100 985 4175 nullu
1009 4098 1222 4196 interposita
1232 4099 1350 4189 mord,
1374 4124 1438 4199 per
1459 4103 1631 4187 thtdn,
1655 4102 1694 4175 dt
1723 4104 1798 4175 Le-

605 4202 799 4294 rhadngiam
816 4201 852 4273 in
869 4194 1062 4293 Belgirinse
1077 4200 1297 4288 contulerat,
1321 4203 1508 4276 comitatus
1528 4203 1613 4295 luigo
1635 4196 1674 4272 dt
1694 4200 1799 4275 Mea·

600 4294 709 4388 rofa,
735 4294 813 4369 vito
841 4291 1029 4381 taurina,
1063 4315 1106 4371 ac
1130 4316 1262 4395 genere
1290 4297 1407 4383 claro,
1458 4323 1538 4375 uem
1565 4296 1734 4392 Philippus
1750 4295 1797 4367 ad

597 4388 733 4487 :eudem
754 4391 894 4471 comitia
918 4388 1101 4493 delegabat
1115 4446 1134 4489 ,
1159 4415 1202 4475 ut
1224 4390 1258 4478 st
1278 4393 1412 4497 aliquid
1432 4322 1483 4471 b
1507 4396 1694 4479 validitate.
1707 4392 1806 4570 ιὲἒιῑ
1877 4445 1878 4492 ι
