3984 5167
196 479 276 565 ·“
415 508 1263 649 trunRQunrt‘r'us.
1379 542 1463 649 265

267 725 407 801 veroid
429 729 598 810 evitaret,
622 730 813 802 remedium
848 730 992 826 aliquod
1017 749 1210 801 extremum
1233 728 1458 813 tentandum,

268 823 362 893 unde
386 824 473 893 alios
498 826 667 895 tumultus
685 822 777 896 nasci
801 824 898 918 posse
921 824 1142 897 metuendum
1161 844 1250 907 erat,
1273 822 1322 895 fin
1344 824 1458 897 donec

1498 476 1518 533 t

1500 745 1601 819 1577·

267 936 455 987 tentaretur
469 915 604 989 facinus
626 918 900 1012 expesiandum,
925 942 1003 991 cum
1034 915 1250 1001 succellillet‚
1273 917 1342 1008 jam
1371 942 1456 991 tunc
1544 929 1547 934 ’
1632 966 1635 975 ,

252 1007 478 1104 ‚Respublica
511 1011 581 1084 stne
608 1012 669 1107 spe
710 1016 875 1102 remedii,
900 1018 936 1087 in
959 1012 1193 1108 praecipitium
1216 1012 1396 1103 agebatur:
1430 1013 1454 1083 fi

265 1128 450 1201 antequam
468 1126 680 1192 tentaretur,
706 1107 768 1179 fibi
801 1109 1024 1191 cunsutebat,
1049 1130 1172 1201 expers
1204 1110 1318 1199 culpae
1347 1129 1454 1179 novo-

261 1223 342 1271 rum
363 1224 542 1287 motuum,
568 1206 707 1296 culpam
720 1226 859 1277 omnem
869 1209 903 1275 in
921 1205 955 1278 se
973 1202 1210 1276 transferebat.
1234 1200 1454 1273 Authoribus

262 1297 354 1367 enirn
371 1298 531 1391 negando
557 1317 719 1385 tanturn,
747 1299 785 1371 &
810 1300 1019 1371 contrarium
1039 1296 1258 1381 affirmando,
1284 1296 1453 1389 perfacile

261 1388 419 1463 futurum
450 1408 544 1471 erat,
570 1395 749 1463 veritatem
779 1396 927 1466 occultae
953 1393 1218 1463 machinationis
1244 1395 1358 1464 adhuc
1381 1414 1452 1463 non

262 1487 330 1557 rite
355 1487 374 1557 f
397 1486 549 1579 publicis
563 1487 711 1557 vocibus
727 1508 892 1560 evertere.
926 1484 994 1582 Ipsr
1012 1508 1118 1565 vero,
1142 1508 1220 1557 cum
1237 1490 1331 1579 quod
1355 1510 1452 1558 certo

263 1576 411 1664 sciebat,
437 1579 586 1673 probare
602 1579 746 1673 publice
766 1584 835 1653 non
856 1581 985 1674 pollet,
1011 1578 1215 1674 perdifficile
1237 1582 1257 1671 †
1282 1580 1451 1665 miserias,

261 1673 560 1766 calamitatesque,
586 1696 665 1767 quae
681 1676 796 1767 postea
813 1676 1002 1749 subsecurae
1021 1674 1098 1748 sunt
1108 1724 1121 1759 ,
1146 1676 1250 1768 plene
1278 1674 1451 1748 excusare.

261 1764 479 1840 Praemebant
502 1771 580 1841 haec
604 1770 810 1862 Atellriacuru
840 1771 1074 1865 summopere,
1096 1772 1351 1864 plurimumque
1372 1794 1452 1844 eum

191 1926 196 1933 .
256 1861 468 1953 affligebat,
499 1866 648 1955 quietern
663 1909 676 1946 ,
701 1888 804 1957 quam
828 1865 947 1961 Belgis
976 1862 1164 1938 dimlsfione
1192 1864 1449 1960 Hispanorum,

246 1959 399 2051 aliisque
419 1958 464 2030 ad
482 1982 602 2031 eorum
619 1962 830 2033 voluntatem
853 1962 995 2035 indultis
1007 1958 1204 2047 beneficiis,
1229 1962 1335 2053 paulo
1352 1984 1447 2041 ante,

262 2076 331 2127 tam
350 2052 461 2126 amice
482 2074 723 2147 compararat,
750 2078 940 2148 paucorum
957 2054 1188 2149 malignitate,
1213 2053 1450 2151 effrenataque
1471 2132 1474 2147 ,

246 2149 406 2223 ‚libidine
425 2170 495 2221 tam
518 2152 607 2233 cito,
635 2172 776 2245 tamque
799 2154 945 2245 ingrata
966 2149 1186 2246 Reipublicae
1215 2150 1312 2245 eripi.
1363 2152 1450 2225 Erat

248 2244 322 2339 ,ipss
341 2265 508 2338 praeterea
523 2246 654 2316 incerta
664 2244 769 2341 Regis
785 2248 828 2319 de
846 2244 908 2319 ista
923 2250 1080 2321 novitate
1099 2248 1282 2333 voluntas;
1308 2243 1447 2342 suspen·

256 2338 294 2412 sa
309 2362 382 2413 erat
402 2342 508 2413 totius
524 2340 744 2433 Reipublicae
759 2342 985 2431 Christianae,
1008 2340 1194 2435 supernae
1214 2364 1329 2413 rerum
1348 2346 1447 2415 inuo-

257 2437 398 2508 vatione
425 2436 567 2530 opinio,
590 2456 632 2507 ac
650 2437 848 2529 judicium3
874 2441 1024 2511 incertos
1059 2436 1096 2509 dr
1117 2437 1212 2530 ipse,
1236 2460 1280 2507 an
1299 2434 1371 2509 sola
1395 2460 1447 2511 ra·

255 2534 374 2612 tione,
399 2532 602 2603 severitate
621 2534 786 2617 occulta,
813 2534 849 2605 ἃ
873 2556 944 2604 non
968 2534 1121 2605 omnium
1140 2531 1250 2605 oculis
1270 2530 1446 2624 exposta,

256 2620 415 2718 'quamvis
449 2647 571 2695 revera
600 2624 822 2710 indubitata,
847 2650 888 2699 ac
917 2647 1040 2713 certa,
1065 2624 1186 2719 Regi,
1210 2626 1345 2718 totique
1368 2627 1447 2700 orbi

256 2719 372 2815 pollet
394 2716 595 2793 satisfacere.
663 2718 901 2813 Quamobrem
928 2724 964 2794 in
989 2721 1092 2820 hujus
1119 2722 1170 2791 rei
1195 2720 1444 2796 deliberatione
1556 2778 1559 2783 ·
1681 2814 1689 2833 ἢ

257 2812 375 2895 lraefit,
400 2812 565 2887 sollicitus
593 2812 710 2887 fierine
726 2814 860 2910 posset,
886 2834 925 2888 ut
955 2815 1084 2911 absque
1102 2836 1259 2889 extremo
1282 2816 1445 2890 discrimi-

257 2935 302 2983 ne
311 2931 328 2997 ·,
354 2908 479 3005 seque,
503 2932 545 2981 ac
562 2906 828 3005 Rempoblicam
849 2914 884 2983 in
902 2933 972 2985 tam
996 2911 1152 2985 evidenti
1178 2912 1333 3004 petic'ulo
1367 2934 1444 2985 ver-

254 3004 384 3080 santem
411 3010 529 3101 aliquo
547 3008 653 3077 modo
672 3004 783 3100 posset
801 3007 1013 3081 conservare.
1064 3008 1225 3081 Tandem
1240 3031 1321 3080 cum
1344 3010 1444 3082 intel-

255 3105 380 3197 ligeret
399 3106 575 3177 Autricum
599 3100 829 3189 Mecbliniae,
854 3126 919 3177 nec
946 3124 1084 3189 tantos,
1109 3126 1175 3176 nec
1204 3123 1272 3177 ram
1302 3124 1443 3176 remera-

253 3199 325 3272 rios
350 3197 417 3271 suae
445 3194 594 3270 fortunae
619 3197 748 3271 habere
777 3197 958 3272 seslatores
973 3222 1113 3293 ‚quam
1133 3198 1323 3283 Bruxellae,
1349 3200 1441 3271 unde

256 3294 442 3365 videbatur
467 3292 583 3366 saltem
604 3290 830 3378 difficiliorem
857 3293 952 3389 posse
978 3295 1028 3364 ibi
1049 3296 1148 3365 reddi
1179 3290 1442 3365 machinationis

256 3383 389 3460 hostilis
406 3387 588 3475 effessum,
613 3390 658 3461 ed
676 3389 851 3483 profectus
871 3392 937 3474 est,
954 3390 1013 3459 ubi
1030 3390 1132 3459 etiam
1145 3387 1331 3458 videbatur
1348 3410 1441 3461 com·

254 3481 390 3553 modius
411 3486 605 3576 legatorum
629 3486 807 3570 reditbm,
831 3483 925 3579 posse
953 3480 1166 3589 expeslare,
1192 3482 1306 3573 ibique
1321 3484 1441 3554 etiam
1480 3520 1484 3524 ·

253 3598 375 3647 eorum
391 3578 551 3669 aliquot,
574 3578 735 3661 liberius,
760 3580 966 3672 &apertius
987 3598 1130 3658 omma,
1156 3598 1234 3670 quae
1256 3578 1440 3649 intellexis-

255 3669 352 3756 sent,
376 3694 417 3744 ac
431 3672 631 3764 perscmtuti
646 3671 773 3757 essent,
798 3671 1037 3767 expofituros,
1062 3694 1162 3769 quam
1181 3671 1364 3755 Bruxellae,
1381 3674 1441 3745 ubi

238 3765 457 3845 Ordinibus
467 3766 707 3858 presentibus,
732 3789 812 3863 quae
829 3774 872 3843 de
893 3770 1024 3841 Autaici
1043 3789 1159 3839 mente
1178 3788 1436 3861 cognoverant,

254 3862 403 3948 efferte,
427 3864 546 3933 moltis
559 3860 671 3931 forsan
688 3864 825 3937 difficile
844 3864 976 3950 fuisset,
1004 3886 1082 3935 cum
1105 3884 1217 3933 tamen
1242 3864 1329 3933 nihil
1357 3884 1441 3935 tunc

251 3962 424 4055 temporis
452 3956 621 4051 Arrstrt‘aco
650 3980 721 4030 tam
743 3961 974 4045 conveniret,
1008 3980 1110 4051 quant
1139 3976 1286 4029 mentem
1306 3960 1441 4031 Aurairr'

250 4056 359 4155 plene
381 4110 393 4145 ‚
418 4076 460 4129 ac
480 4053 575 4125 nude
604 4051 844 4149 perspectam,
869 4056 1115 4149 cognitamque
1145 4052 1304 4137 habere,
1330 4074 1368 4126 ut
1393 4053 1439 4128 stc
1498 4122 1502 4129 .

1270 4147 1444 4237 securius,

296 4346 313 4382 ¹*
334 4337 456 4435 supple:
478 4343 696 4430 apparentis,
714 4359 771 4413 oue
789 4341 983 4432 quidfiou'le.
1066 4340 1088 4425 †
1109 4338 1210 4421 Adra:
1233 4353 1318 4408 erat.

302 4435 390 4514 Tum.
413 4442 472 4518 ll.
498 4446 639 4520 Parsa.
928 4446 997 4545 Ll⁵
