3984 5167
428 508 444 519 ’
571 560 654 655 352
697 456 747 643 r.
775 531 823 625 a.
851 550 925 624 nr
952 528 1207 629 Tussis
1245 519 1637 629 commuue.

421 746 526 826 1579.
577 771 601 809 η
626 730 730 803 miam
745 724 1001 803 Louanienl'em
1014 724 1085 802 stne
1110 726 1210 804 causa
1228 728 1400 804 extrastus
1425 726 1496 820 est,
1519 722 1711 825 versusque
1726 750 1768 806 ex

391 872 529 948 ww,
552 834 599 903 ἠ
623 824 769 995 Belgio,
789 846 913 901 contra
939 824 1127 922 Priviiegia
1155 826 1259 900 diliae
1283 824 1505 915 Academiae,
1538 846 1581 899 ac
1612 822 1768 902 Ducamt

394 952 520 1024 tremas,
576 965 599 1001 n
624 920 693 996 Bra
707 922 843 1011 ‚entiam
866 924 960 997 idem
977 922 1109 998 Comes
1132 920 1247 998 statim
1272 923 1470 999 restituetur
1494 924 1532 996 in
1556 920 1769 1014 libertatem,

394 1028 537 1125 cultrum·
574 1060 599 1097 ,a
625 1017 663 1090 δι
683 1024 879 1095 remittetur
895 1021 932 1095 in
950 1019 1075 1095 urbem
1092 1018 1317 1119 Antuerpiae,
1334 1018 1424 1095 inira
1439 1022 1592 1095 duorum
1607 1017 1769 1096 menum

393 1102 542 1243 {1¹¹¹ch
575 1156 600 1197 η
625 1115 785 1213 spatium·

360 1258 364 1266 x
393 1188 496 1323 effi
624 1254 649 1292 η
673 1210 738 1285 Ll.
762 1210 918 1286 Cuilibet
936 1211 1234 1311 utriusquepartis
1250 1211 1447 1289 restituetur
1466 1210 1507 1287 dt
1522 1231 1718 1288 revertetur
1733 1212 1781 1306 itr¹
1882 1245 1883 1290 r

394 1340 497 1407 auur„
575 1352 599 1389 υ
623 1307 685 1384 sua
706 1308 801 1386 bona
819 1308 1031 1399 immobilia,
1056 1309 1304 1385 nonobstante
1325 1332 1547 1407 quatumque
1566 1310 1769 1383 alienatione

543 1418 547 1427 '
575 1447 600 1487 s,
624 1403 716 1481 facia
731 1404 752 1479 i
768 1424 925 1500 tempore
944 1402 1197 1482 Pacificationis
1211 1406 1467 1497 Gandavenlis,
1493 1427 1598 1502 atque
1614 1403 1717 1480 etiam
1732 1408 1768 1481 ir
1882 1427 1883 1448 ¹

574 1542 600 1585 n
624 1502 716 1579 bona
734 1500 878 1576 mobilia
894 1524 966 1577 nott
983 1501 1145 1577 distracta
1163 1522 1222 1577 aut
1238 1505 1410 1579 alienata·

523 1636 534 1658 ·
622 1642 649 1695 ῃ
674 1596 756 1671 LII.
780 1596 863 1673 Fiet
878 1601 981 1673 etiam
998 1597 1171 1675 restitutio
1187 1601 1359 1676 bonorum
1376 1603 1413 1674 in
1430 1596 1652 1695 Burgundia,
1676 1598 1770 1674 Lux·

539 1702 542 1709 ’
575 1736 601 1777 n
626 1694 749 1773 embur
773 1716 819 1785 o,
846 1690 1059 1784 Hollaudia,
1082 1694 1225 1793 aliisque
1242 1698 1349 1789 locis,
1373 1699 1435 1772 ubi
1456 1692 1658 1770 Pacificatio
1674 1696 1770 1770 Gau·

576 1832 613 1889 22⁴
625 1719 784 1869 novenis
803 1814 877 1871 uon
894 1791 1001 1867 fuerit
1017 1793 1237 1890 adimpleta,
1260 1812 1333 1869 tam
1352 1788 1773 1890 ecclefiafficis,Prineipi

575 1924 602 1967 n
626 1889 784 1975 Attalen,
835 1909 915 1963 uam
935 1890 1096 1965 omuibus
1114 1891 1190 1964 aliis
1212 1894 1311 1987 juxta
1330 1890 1457 1965 didiam
1476 1885 1771 1965 Pacificationem

625 2027 650 2065 o
674 1982 774 2059 Llll.
839 2008 936 2061 mnes
946 1990 1118 2067 naturales
1137 1986 1253 2084 Belgii
1270 1986 1448 2083 utriusque
1465 1989 1772 2084 partis,potemnt

577 2122 602 2161 n
627 2082 734 2156 bbere
750 2084 788 2155 in
807 2080 968 2179 Belgium
985 2086 1137 2171 reverti,
1156 2083 1275 2179 ibique
1285 2084 1441 2159 habitate
1456 2106 1498 2156 ea
1513 2084 1613 2179 lege,
1638 2104 1773 2180 utprae·

578 2218 604 2255 υ
628 2178 716 2253 stent
735 2182 964 2273 juramentum
988 2178 1185 2267 fidelitatis,
1210 2202 1280 2253 tam
1297 2180 1418 2277 Regi,
1442 2202 1547 2275 quam
1567 2175 1709 2262 Patriae,
1733 2177 1773 2251 dt

580 2316 605 2353 n
630 2271 828 2351 Ordinibus
845 2278 1064 2373 generalibus
1083 2275 1121 2348 δι
1142 2277 1430 2372 particularibus,
1454 2297 1560 2373 atque
1579 2278 1679 2362 ,adeo
1705 2274 1773 2351 lese

503 2452 510 2469 s
582 2411 606 2450 n
631 2369 876 2448 observaturos
896 2395 1019 2447 omnes
1037 2372 1218 2447 Atticulos
1236 2375 1339 2472 hujus
1355 2372 1466 2447 Pacis.

630 2509 654 2545 n
676 2467 777 2637 ξίν.
809 2468 1012 2547 Pacificatio
1038 2466 1280 2546 Gandavensrs
1308 2468 1587 2546 manutenebitur
1609 2467 1647 2545 dt
1660 2463 1778 2543 obser·

582 2606 607 2643 tr
631 2587 677 2640 Va
701 2586 783 2641 itur·

630 2704 653 2739 n
679 2660 759 2736 LV.
784 2660 873 2737 Item
891 2664 927 2737 in
943 2665 985 2739 iis
1008 2660 1228 2754 Provinciis,
1255 2664 1479 2753 civitatibus,
1514 2662 1553 2736 &
1575 2662 1688 2749 locis,
1714 2662 1778 2737 nbi

583 2800 607 2837 υ
631 2755 713 2832 Reli
739 2760 773 2831 io
793 2784 875 2856 quae
890 2760 1020 2835 dicitur
1037 2757 1263 2847 Reformata,
1288 2760 1463 2835 Confellto
1483 2757 1705 2855 Augustana,
1719 2760 1780 2833 vel

585 2877 607 2932 o
633 2783 919 2951 Paabeligionis
944 2854 961 2948 (
973 2854 1077 2931 didiae
1092 2858 1252 2951 Religians
1271 2858 1391 2952 Freed)
1417 2854 1642 2950 receptaest,
1660 2856 1780 2928 omnia

585 2991 608 3028 υ
634 2952 884 3046 permanebunt
900 2953 937 3025 in
959 2951 1022 3027 suo
1039 2950 1147 3042 statu,
1171 2954 1221 3027 ita
1243 2976 1283 3027 ut
1300 2954 1320 3026 a
1338 2974 1461 3027 neutra
1475 2971 1576 3046 parte
1595 2972 1781 3029 contraue-

586 3088 611 3125 ‚‚
635 3046 701 3119 niti
722 3046 839 3140 possit,
866 3070 935 3144 qua
949 3050 987 3121 in
1004 3072 1041 3124 re
1059 3050 1154 3124 nulla
1172 3048 1372 3125 debetfieri
1393 3046 1597 3135 difficultas,
1623 3048 1781 3141 alioquin

525 3192 530 3205 =
585 3185 609 3221 η
635 3142 824 3237 impossible
856 3144 933 3233 est,
972 3148 1116 3221 modum
1145 3148 1307 3241 viamque
1332 3148 1434 3219 bonae
1462 3145 1499 3218 dt
1517 3142 1647 3218 securae
1661 3146 1782 3239 pacis,

585 3281 609 3317 υ
635 3240 903 3335 tranquilitatis,
928 3238 1098 3336 &quetis
1122 3244 1279 3337 publicae
1303 3243 1480 3327 invenire,
1507 3241 1543 3315 dt
1572 3240 1597 3313 st
1624 3242 1702 3336 quis
1730 3242 1787 3313 in·

584 3378 608 3414 η
633 3332 1204 3431 posterumvelletaliumordinetn
1214 3336 1392 3415 instituere
1400 3337 1584 3426 ,hocnihil
1594 3334 1788 3411 aliudess'et

587 3474 610 3511 n
636 3452 739 3527 quam
753 3456 868 3508 motus
883 3434 1067 3524 inchoare,
1093 3430 1260 3509 &novas
1285 3438 1494 3511 calamitates
1520 3456 1563 3507 ac
1584 3435 1702 3509 ruinas
1731 3456 1788 3506 re·

585 3572 609 3607 η
636 3530 783 3617 ducere,
800 3530 972 3625 abigendo
988 3534 1187 3608 innumeros
1201 3532 1371 3623 homines,
1381 3534 1441 3629 qui
1458 3528 1572 3604 secum
1588 3532 1658 3604 alid
1671 3554 1789 3605 trans·

585 3669 610 3705 ‚‚
635 3646 818 3721 portarent
834 3626 1027 3700 universam
1043 3631 1166 3702 harum
1183 3629 1353 3702 ditionum
1365 3629 1639 3725 negotiationem
1651 3624 1691 3699 dt
1704 3628 1790 3723 opi-

585 3766 610 3800 „
636 3720 734 3811 ficta,
759 3722 799 3797 &
815 3720 1066 3820 consequenter
1082 3748 1219 3799 omnem
1238 3724 1350 3817 Belgii
1367 3722 1653 3821 prosperitatem,
1671 3747 1716 3799 ut
1734 3724 1792 3799 su·

587 3863 611 3897 a,
636 3822 814 3991 periurum
837 3842 1007 3893 annorum
1029 3822 1244 3917 experientia
1260 3822 1402 3895 docuit:
1427 3842 1510 3895 cum
1527 3822 1634 3897 etiam
1648 3842 1795 3895 cerrum

586 3958 611 3995 η
650 3936 695 4007 rt,
720 3916 969 3993 inhabitatores
993 3916 1109 4014 Belgii
1133 3941 1205 3993 non
1230 3916 1295 3993 elle
1320 3916 1535 4015 dispositos,
1559 3936 1600 3996 ut
1620 3916 1738 3993 sinant
1756 3916 1796 3991 se

590 4054 613 4090 o
638 4011 753 4106 fugari
769 4036 867 4088 extra
880 4012 976 4089 suam
992 4010 1167 4106 Patriam,
1192 4008 1296 4112 atoue
1312 4016 1363 4091 ita
1388 4016 1500 4111 redigi
1524 4018 1570 4089 ad
1596 4036 1803 4093 erumnam

589 4146 614 4183 υ
637 4110 814 4202 inopiam,
830 4111 867 4183 in
883 4134 987 4207 quam
1003 4111 1189 4188 netellario
1200 4115 1378 4201 incidunt,
1394 4135 1474 4186 cum
1493 4114 1673 4207 privantur
1687 4113 1803 4185 ordi·

588 4242 611 4277 n
637 4207 732 4275 naria
752 4202 810 4281 sna
828 4230 1048 4294 mercatura,
1072 4209 1240 4305 opificio,
1265 4208 1381 4285 aliisve
1398 4211 1619 4293 muneribus,
1636 4204 1802 4293 officiis,

585 4336 610 4377 2,
636 4318 695 4407 aur
714 4304 976 4409 uacationibus,
1002 4326 1152 4401 quorum
1167 4306 1345 4388 beneficiis
1366 4304 1436 4385 sese
1460 4328 1544 4384 cum
1559 4305 1738 4385 moribus
1755 4304 1806 4381 dt

585 4436 610 4477 a
634 4394 752 4471 labeus
766 4395 953 4479 sustentare
971 4400 1094 4483 solent

1639 4544 1662 4583 a
1686 4496 1810 4575 LVI.
