3984 5167
417 552 714 647 tiuare
779 550 1270 654 octavus.
1377 582 1460 677 527

257 725 339 825 post
357 726 495 804 Ducem
509 729 607 799 locos
622 730 699 821 jure
715 724 837 799 deberi
853 728 1135 819 praetenderent,
1150 748 1218 822 pro
1234 729 1455 824 uthabuem
1498 774 1606 851 1593„

258 849 339 899 cum
357 821 478 923 postea
492 823 572 895 Rex
588 820 739 895 scribens
756 822 866 895 tribus
883 821 1125 919 conjuretim,
1151 826 1329 901 nominato
1345 834 1380 904 in
1398 830 1453 905 su-

256 920 511 1017 perscriptione
527 920 678 1014 primum
697 912 818 1017 Taffio,
842 917 1031 993 secundum
1047 924 1209 1008 Ivarrea,
1239 922 1452 1016 postremum

255 1020 396 1091 demum
428 1019 551 1091 ordine
578 1014 779 1102 Merdozeo,
814 1012 896 1087 satis
918 1014 1151 1102 declarasset,
1184 1018 1245 1112 qui
1264 1021 1452 1117 unicuique

206 1138 210 1143 ·
252 1108 351 1187 locus
385 1130 612 1211 competeret.
666 1108 777 1203 Quod
810 1132 894 1183 cum⁴
921 1108 1061 1187 vidisset
1091 1110 1317 1205 Mendozeur,
1347 1122 1453 1193 tertio

137 1216 143 1229 ‘
252 1228 478 1299 contentus,
525 1211 568 1280 de
600 1208 829 1299 praetentione
869 1212 1083 1282 contendere
1121 1206 1264 1285 destitit.
1315 1212 1454 1289 Habuit

248 1321 336 1380 tunc
359 1308 395 1379 in
421 1302 584 1377 Comitiis
608 1298 763 1373 Feriaaus
788 1304 981 1375 orationem
1008 1326 1087 1399 quae
1111 1304 1272 1400 sequitur⁸

296 1442 319 1477 a
344 1400 407 1473 1x.
433 1400 524 1503 Cum
552 1394 715 1491 singulari
741 1394 812 1469 Dei
836 1396 1007 1500 beneficio
1034 1399 1270 1496 (Illustrissrmi
1284 1454 1295 1490 ,
1320 1406 1357 1481 &
1378 1400 1445 1479 Re·
1479 1420 1626 1484 oratoru

248 1540 271 1575 η
296 1495 523 1571 verendiffimi
535 1492 703 1573 Domini.
721 1515 788 1567 vos
804 1494 968 1569 clarissimi
987 1499 1082 1584 viri)
1102 1494 1261 1571 consesta
1277 1516 1347 1595 pat
1364 1500 1451 1579 esset·
1478 1500 1558 1594 [ἕνα
1575 1504 1623 1561 Fa·

246 1635 271 1672 n
297 1596 387 1667 inter
412 1588 665 1667 Serenissrmum
681 1586 816 1684 Regem
836 1588 1088 1678 Catholicum,
1115 1592 1307 1671 Dominum
1335 1612 1450 1671 meum·
1477 1580 1628 1673 ΨΜ

248 1730 273 1768 o
299 1686 632 1773 Clementiffimum,
667 1686 705 1761 δι
730 1684 981 1761 Sereuiffimum
1011 1687 1138 1762 Gallia
1166 1686 1301 1787 Regem
1327 1694 1446 1769 Herus·—
1476 1674 1586 1795 ζ’ζηξῗ

247 1828 271 1865 η
297 1809 367 1859 cum
394 1806 535 1859 aeternae
562 1783 739 1858 memorie
761 1778 931 1870 scandum
978 1808 1090 1879 eaque
1121 1792 1350 1866 corroborata
1370 1793 1445 1865 virr-
1474 1816 1597 1889 gepanta

160 1936 170 1956 1
246 1924 271 1961 υ
296 1885 378 1959 culo
395 1880 611 1956 Matrimonii
629 1876 851 1953 Serenillimae
869 1878 924 1952 lili
939 1884 1058 1954 abethae
1078 1880 1184 1977 ipsius
1205 1884 1304 1960 Filiae
1314 1938 1326 1976 ‚
1349 1912 1444 1963 cum·
1478 1890 1623 1951 ordinans

244 2020 269 2057 υ
321 2004 365 2053 ue
382 1981 500 2053 omnia
522 1998 566 2049 ex
589 1996 632 2049 eo
648 1996 825 2071 ternpore,
852 1974 973 2051 divino
991 1974 1129 2053 afflante
1148 1984 1309 2071 numine,
1336 1983 1445 2061 fausta
1476 1970 1609 2031 framea:

245 2116 269 2152 η
295 2002 390 2166 sore,
415 2098 456 2150 ac
472 2072 596 2145 saelicia
613 2074 713 2145 nobis
732 2072 1008 2167 pollicerentur,
1032 2076 1200 2171 irrepsere
1221 2077 1258 2151 io
1286 2081 1357 2154 hoc
1374 2078 1444 2154 Re·-

244 2212 269 2249 η
293 2195 400 2264 guum
420 2173 439 2245 i
460 2170 576 2243 multis
592 2167 724 2245 saeculis
744 2163 1063 2243 Christianilsrmum
1080 2172 1358 2267 pestilentissimae
1374 2178 1446 2250 har·-

244 2308 270 2347 η
294 2268 405 2354 reses,
429 2270 545 2362 itaque
565 2264 653 2341 serici
674 2286 715 2337 ac
732 2266 976 2361 pertinaciter,
1004 2267 1023 2339 a
1047 2271 1203 2361 plurimis
1229 2270 1367 2345 sutumae
1386 2296 1446 2347 au·-

245 2405 270 2442 η
295 2365 498 2451 thoritatis,
517 2362 709 2456 potentiae,
741 2358 780 2431 ur
799 2357 995 2455 sagacitatis
1012 2365 1116 2451 viris,
1151 2369 1281 2461 armis,
1302 2368 1445 2467 aliisque

245 2502 272 2538 ,ι
295 2456 488 2535 artificiosa
509 2458 623 2530 modis
644 2457 797 2530 dilatatae
812 2453 908 2543 sunt,
933 2462 1294 2555 arqueamplilicatae,
1314 2485 1443 2541 utnon

245 2597 269 2634 n
294 2554 357 2631 uifi
371 2556 570 2641 interitum,
596 2576 638 2627 ac
657 2552 848 2648 perniciem
863 2554 970 2626 totius
986 2553 1180 2651 Religionis
1198 2560 1233 2631 io
1246 2561 1316 2634 hoc
1332 2580 1443 2657 regno

244 2694 268 2731 n
292 2654 519 2727 minarentur.
570 2647 651 2722 Rex
674 2671 770 2721 meus
798 2668 866 2743 pro
894 2648 953 2723 suri
976 2650 1169 2741 bonitate,
1202 2656 1240 2729 δὲ
1258 2658 1443 2733 clementia

244 2790 268 2827 η
294 2750 381 2823 nihil
400 2768 470 2821 non
489 2744 596 2831 fecit,
621 2746 724 2841 guod
743 2744 893 2841 integra
909 2746 1071 2819 amicitiae
1097 2746 1230 2844 lignum
1252 2751 1335 2827 esset
1357 2805 1368 2839 ,
1403 2756 1444 2831 &

244 2887 268 2923 n
293 2846 390 2941 quod
409 2846 444 2917 in
464 2845 543 2917 zel'o
562 2838 809 2918 conservandae
825 2843 929 2915 avitae
946 2838 1160 2937 Religionis,
1193 2848 1214 2922 a
1232 2844 1330 2945 Rege
1351 2850 1439 2923 sum·

218 2982 267 3049 ψ
292 2939 350 3015 me
372 2939 559 3015 Catholico
592 2936 781 3013 desiderari·
806 2934 982 3033 potuisset.
1032 2940 1178 3015 Cultum
1197 2943 1348 3019 suumin
1368 2945 1440 3021 Re:

167 3092 172 3097 -
243 3080 266 3117 a
291 3060 371 3135 gem
386 3036 543 3111 socerum
560 3036 688 3131 eripuit
704 3036 883 3129 repentina
899 3034 1032 3109 summu
1051 3060 1131 3113 curn
1148 3040 1269 3115 dolore
1286 3046 1440 3121 omnium

240 3176 268 3214 n
291 3136 418 3233 optimi
435 3134 547 3229 Regis-
561 3156 667 3206 mors.
693 3128 860 3207 Coluilset
881 3152 964 3206 eum
976 3134 1096 3224 certe,
1121 3132 1440 3227 flammamini

239 3274 263 3313 ‚s
288 3233 466 3316 socerum,
493 3230 626 3303 amavit
643 3230 1014 3325 cognatos„nihilque
1030 3254 1183 3327 unquam
1197 3232 1438 3331 omisit,qootl

238 3370 262 3405 n
287 3331 379 3416 illie,
402 3327 626 3423 autprivatae
641 3326 804 3414 utilitati,
823 3327 861 3403 dr
887 3327 1083 3400 commodis
1106 3324 1194 3422 usui¹
1217 3327 1283 3401 esse
1300 3331 1442 3426 posset:

240 3466 264 3503 u
289 3425 325 3497 in
347 3426 384 3499 id
406 3448 512 3497 unum
528 3424 703 3509 intentus,
722 3444 763 3497 ut
783 3445 853 3519 pax
870 3420 941 3516 jam
956 3420 1101 3493 stabilita
1121 3439 1339 3517 permaneret
1357 3446 1436 3525 pet2

238 3562 262 3601 o
315 3542 415 3605 etna,
443 3516 574 3614 subque
601 3519 645 3593 ed
663 3518 850 3601 faeliciter,
884 3512 1036 3604 secure,
1061 3518 1224 3613 religiose
1249 3542 1437 3622 utrumque·

237 3660 261 3698 n
285 3542 449 3713 siegrium
480 3635 625 3709 totaque
647 3612 799 3711 proinde
824 3608 1038 3713 Respublica
1060 3615 1255 3692 Christiana
1281 3625 1433 3716 optimo·-

236 3756 261 3796 η
286 3736 363 3789 rum
378 3708 516 3805 Regum
541 3711 646 3792 curti,
670 3710 783 3792 saelix,
809 3706 989 3805 faustaque
1009 3707 1216 3806 persisteret.
1251 3710 1369 3790 Venio
1387 3721 1440 3792 ad

237 3854 261 3895 ,,
287 3835 348 3898 ea,
373 3830 454 3906 quae
471 3804 549 3879 sunt
567 3808 676 3901 magis
693 3806 849 3902 propria.
881 3804 972 3879 Cum
988 3809 1139 3909 primurn
1160 3830 1251 3905 opus
1267 3810 1353 3896 suit,
1370 3812 1440 3889 sub*

236 3953 260 3991 „
286 3901 595 4001 Franciscosacundo
622 3898 714 3977 ruisrt
735 3898 815 3975 Rex
842 3900 1050 3978 Catholicae
1075 3926 1121 3982 ex
1138 3903 1309 4002 Hispanis
1331 3909 1440 3987 Doce

145 4042 149 4049 ·
234 4049 259 4087 „
287 4002 478 4099 Caruagalio
508 4020 650 4093 magnas
684 4000 832 4073 militum
857 4019 1017 4088 turmas3
1051 4000 1114 4075 sub
1141 4002 1248 4077 carru
1282 4028 1358 4080 nont
1389 4026 1440 4084 erc

183 4126 185 4131 ’
237 4144 265 4183 ‚s
284 4098 409 4200 Belgio
438 4094 615 4171 Comitem
633 4092 875 4191 Arebergerrfim
902 4110 982 4171 cum
1014 4117 1141 4195 magno
1166 4103 1344 4197 equitatur
1377 4122 1436 4179 eo*-

173 4266 180 4277 .
238 4238 266 4279 a.
286 4196 486 4275 demetiam
506 4214 674 4289 regnante
691 4196 843 4268 Comitem
862 4192 1087 4290 Manffeltium
1106 4218 1186 4272 cum
1205 4202 1362 4292 equitatu
1374 4257 1385 4293 ,
1398 4206 1441 4280 &³

237 4336 260 4375 ω
285 4296 443 4392 peditatu
464 4314 535 4365 nou
586 4289 687 4370 arv'o.
723 4285 931 4388 pugnavere
963 4292 1002 4364 h'i
1030 4312 1150 4368 omnes
1170 4296 1209 4381 im
1226 4295 1345 4373 Gallia
1362 4321 1437 4373 tanb

235 4432 267 4473 η,
283 4410 464 4491 guampso
474 4312 626 4471 Larisos
640 4389 810 4490 propriis.
835 4386 930 4485 Qua
946 4389 1062 4496 omnio
1076 4388 1127 4475 ita
1141 4392 1443 4563 rubiscomperta·

565 4516 573 4527 ·
1043 4528 1049 4537 ’
1292 4530 1324 4572 ‚5⁴
1354 4508 1448 4572 υἷϊ).
