3984 5167
332 426 342 439 ’
429 452 1194 603 ttunusuurus.
1337 534 1425 634 417

224 701 357 779 idonea
395 700 519 775 afforet
548 701 743 797 tempestas.
801 698 887 773 Erat
911 705 1012 784 locus
1038 701 1177 794 quidam
1204 705 1420 800 Montugntur
1473 719 1578 803 1580,

230 792 340 893 vulgd
359 798 470 869 uiuus
493 798 623 889 septem
649 800 757 870 leucis
780 800 863 869 inde
890 794 1043 879 distans,
1070 799 1105 867 in
1132 799 1239 868 altera
1266 797 1416 878 fluminis

226 897 321 987 ripa,
347 898 474 965 exiliis
496 916 583 985 quos
604 916 799 987 occupatos
819 896 862 965 ab
884 893 1100 986 Hugonotris
1113 891 1223 986 supra
1241 892 1389 969 diximus
1401 944 1413 982 ,

225 992 286 1063 ubi
309 1012 388 1061 curn
413 1014 457 1063 ex
482 992 645 1061 malevoli
674 987 854 1082 cujusdam·
872 992 1040 1060 relatione
1061 985 1263 1061 innotuisset
1280 1012 1414 1065 exteros

175 1128 177 1135 ·
222 1074 388 1179 duosdam
404 1108 482 1157 cunr
499 1086 598 1178 equis
615 1088 652 1158 δι
671 1084 807 1155 sarcinis
823 1088 858 1155 in
881 1082 1085 1178 Hispaniam
1104 1086 1353 1179 navigaturos,
1378 1091 1414 1157 in
1450 1102 1456 1115 ·

222 1183 316 1253 disto
330 1202 424 1275 pago
441 1201 504 1273 per
520 1183 714 1252 contrarios
734 1200 859 1251 ventos
874 1180 1042 1263 detineri,
1066 1181 1234 1254 continuo
1256 1184 1414 1274 complu-

219 1299 276 1348 res
297 1300 342 1349 ex
358 1276 549 1364 Murroguro
567 1276 698 1365 praedae
718 1276 834 1354 avidi,
861 1276 991 1347 ad‘eos
1009 1278 1237 1368 expoliandos
1261 1278 1412 1351 animum

219 1392 379 1456 vertere;
406 1371 500 1461 quod
527 1372 666 1459 quidem
685 1370 890 1462 ignorabant
907 1368 1165 1459 proficiscentes
1180 1394 1265 1445 tunc
1276 1394 1411 1466 tempo-
1529 1408 1531 1412 ·

219 1468 269 1539 ris
289 1474 368 1539 cu'm
388 1464 437 1535 ibi
453 1462 571 1534 essent.
621 1464 689 1535 Sed
716 1486 849 1537 certum
879 1460 975 1535 suisle
996 1464 1116 1558 postea
1139 1468 1284 1561 publice
1310 1468 1411 1541 inno·

218 1563 310 1646 tuit,
335 1558 470 1656 fuitque
492 1578 586 1631 tanta
603 1581 685 1653 erga
701 1580 761 1631 eos
777 1555 905 1631 etiarnfi
923 1560 1087 1653 indignos
1104 1562 1173 1635 Dei
1191 1566 1411 1654 omnipoten-

217 1658 265 1730 tis
284 1655 415 1749 gratia,
441 1674 479 1725 ut
504 1679 546 1727 eo
567 1654 641 1748 ipso
669 1655 724 1727 die
748 1678 820 1749 quo
846 1655 1103 1747 Moulogutenser
1130 1656 1224 1752 ipsos
1244 1660 1410 1731 inuadere

216 1752 467 1827 constituerant
481 1800 497 1835 ,
518 1770 556 1819 ut
586 1748 656 1845 jam
684 1750 719 1819 in
743 1755 853 1822 altera
877 1746 1030 1821 fluminis
1053 1755 1129 1847 ripa
1155 1753 1200 1825 ad
1231 1755 1269 1825 id
1296 1754 1409 1847 parati
1537 1821 1541 1829 .

187 1896 189 1901 -
215 1869 338 1932 crant,
363 1844 476 1917 subito
496 1866 600 1939 arque
617 1845 798 1939 inopinate
816 1842 983 1917 secundus
1002 1847 1047 1918 ad
1065 1850 1298 1942 navigandum
1324 1860 1408 1920 v'en·
1551 1908 1556 1919 .

213 1963 272 2017 tus
296 1940 381 2015 flare.
395 1940 560 2033 coeperit,
579 1944 627 2013 ita
642 1960 681 2012 ut
697 1942 767 2013 illis
783 1939 1054 2035 inspeslantibus
1073 1948 1158 2017 marl
1169 1942 1234 2018 sese
1251 1944 1409 2017 commit·

200 2044 350 2121 terent,
377 2038 599 2129 navigatione
632 2052 702 2108 tarn
724 2034 990 2130 prosperans,
1015 2057 1054 2108 ut
1077 2061 1149 2112 non
1175 2042 1324 2135 amplius
1347 2040 1408 2111 tri·

206 2137 315 2232 ginta
331 2130 390 2204 sex
406 2134 523 2214 horis,
547 2132 606 2204 vel
623 2132 781 2227 circiter,
804 2137 842 2204 in
861 2131 918 2205 via
930 2130 1144 2228 consumptis
1159 2133 1242 2207 salvi
1251 2141 1406 2206 Loretum

205 2227 435 2327 appulerint:
461 2228 535 2300 laeti
549 2228 687 2321 postea,
711 2250 793 2301 curn
813 2226 986 2299 scivissent
1001 2224 1068 2301 sese
1085 2252 1156 2302 tam
1173 2229 1322 2304 feliciter
1334 2250 1408 2303 tarn

205 2328 289 2401 hoc
303 2322 490 2397 secundum
509 2326 779 2417 quamprimum
797 2322 988 2417 periculum
1011 2322 1162 2397 evasisse.
1196 2330 1406 2415 Lamo-quo

234 2420 361 2515 uisque
380 2418 515 2505 voluit,
536 2439 710 2512 quamque
726 2414 994 2491 commodissime
1006 2422 1124 2510 potuit
1137 2422 1204 2491 iter
1218 2419 1408 2493 instituere.
1526 2448 1534 2462 ·

240 2520 340 2611 offius
366 2536 484 2587 autern
502 2534 582 2597 cum
609 2516 706 2586 resto
728 2514 851 2586 itinere
874 2513 1088 2595 Madritum,
1113 2515 1175 2587 ubi
1195 2517 1271 2587 aula
1293 2510 1409 2607 Regia

207 2608 530 2692 tenericonsueta,
563 2608 753 2696 tenderet,
782 2606 923 2681 tandem
947 2606 1110 2701 vigenna
1134 2630 1229 2681 nona
1250 2608 1341 2704 Maji
1362 2628 1408 2681 eo

208 2706 369 2783 feliciter
392 2706 563 2799 pervenit.

265 2800 345 2875 111.
379 2802 587 2875 Contulerat
610 2800 729 2899 sejam
749 2797 1006 2893 tuncPlrilippus
1023 2800 1220 2897 Badogusum
1244 2801 1283 2887 *,
1307 2802 1406 2898 quod
1446 2796 1571 2877 *Brua-

208 2898 266 2976 est
285 2898 331 2969 ad
354 2894 439 2969 fines
459 2894 675 2984 Luzitaniae,
699 2899 795 2973 haud
812 2899 862 2971 ita
879 2918 1041 2991 magnum
1055 2899 1247 2992 oppidum,
1266 2897 1405 2973 atinde
1444 2898 1513 2966 lox,
1525 2898 1590 2957 ville

198 2994 319 3081 ‚armis
336 3015 458 3067 contra
472 2992 649 3068 Lazirrnor
667 3014 795 3089 ageret.
844 2990 952 3087 eujus
975 2994 1058 3067 belli
1083 2996 1163 3067 haec
1187 2992 1254 3067 suit
1290 2998 1404 3090 origo.
1444 2973 1553 3050 ‘'fisi‘'
1629 2988 1638 3004 '

209 3088 421 3185 Sebastianus
437 3090 659 3184 Portugallioe
675 3088 754 3163 Rex
770 3089 914 3185 optirnae
928 3090 1080 3174 indolis,
1102 3087 1162 3163 sed
1176 3090 1266 3163 valli
1284 3090 1405 3163 admo·
1442 3056 1589 3207 ffi‘stssm

206 3188 296 3261 dum
311 3186 442 3282 ingenii
453 3186 611 3281 juvenis,
635 3184 786 3283 bellique
799 3186 942 3259 omniuo
957 3186 1161 3273 rudis,cum
1178 3188 1237 3260 diu
1247 3187 1403 3353 Melpum·
1438 3208 1568 3267 'moure
1577 3246 1590 3283 ,

205 3285 300 3355 lraza
321 3283 362 3374 †,
387 3278 489 3375 Zarr'fi
519 3279 626 3377 Regis
650 3280 766 3358 fratris
787 3282 918 3367 exulis,
942 3302 1047 3377 atque
1063 3281 1108 3353 ad
1127 3280 1239 3377 ipsum
1260 3302 1326 3374 pro
1366 3283 1404 3376 gi
1435 3283 1492 3361 sur
1524 3287 1552 3380 {a
1613 3325 1615 3328 ·

203 3376 483 3475 persuasionibus
505 3374 694 3465 restitisset,
718 3378 858 3453 tandem
882 3398 925 3449 eo
949 3375 984 3448 se
1005 3376 1134 3449 adduci
1158 3374 1256 3459 srvit,
1280 3396 1321 3448 ut
1343 3376 1403 3449 de·
1445 3363 1569 3421 ⁶⁰⁶⁸st

204 3476 366 3553 creverit
386 3476 517 3555 bellurn
533 3471 646 3569 err'fu
665 3472 813 3562 inferre,
837 3470 1070 3567 Regnumque
1091 3471 1280 3557 Mororum,
1306 3474 1402 3568 quod
1444 3438 1591 3590 'ffigussff

207 3567 324 3643 estin
347 3569 467 3653 Africa
489 3569 678 3657 invadere,
702 3571 807 3665 idque
837 3589 935 3642 tanta
960 3569 1068 3642 animi
1085 3566 1338 3657 obstinatione,
1363 3590 1403 3643 ut
1446 3593 1573 3655 orento

204 3664 413 3738 nullatenus
434 3664 670 3762 iquoquam,
696 3667 824 3741 nedum
847 3662 953 3760 ipsius
977 3665 1113 3758 Philippi
1143 3665 1308 3739 avunculi
1324 3661 1403 3751 sui,
1444 3668 1525 3748 oerffr

205 3759 356 3834 monitis
367 3761 543 3835 ‘dimoveri
558 3763 602 3836 ab
618 3762 780 3839 instituto
794 3764 961 3858 potuerit
1000 3758 1125 3857 ltaque
1145 3783 1225 3835 curn
1240 3764 1312 3855 jam
1331 3781 1402 3833 oru-
1444 3747 1582 3840 natator.
1638 3806 1641 3812 ·

122 3892 125 3899 ¹
202 3854 271 3933 nia
288 3856 333 3929 ad
351 3857 611 3952 expeditionem
629 3857 734 3935 essent
750 3877 897 3957 parata,
922 3875 1016 3933 anno
1033 3853 1213 3938 millesimo
1237 3855 1322 3951 quin
1347 3879 1405 3929 en·
1446 3826 1580 3969 ssffvss

202 3950 346 4055 tesino,
370 3954 619 4051 septuagesimo
635 3956 761 4031 ostano
813 3952 1005 4049 enseJunlo
1021 3951 1247 4029 exUlt’tibunu
1263 3952 1301 4025 in
1344 3952 1406 4027 iri·
1579 3945 1592 3970 '

201 4074 289 4131 cam
305 4050 458 4146 trajecit,
482 4053 650 4127 urbicum
674 3980 856 4129 haudusiu
889 4071 1047 4126 moratur
1075 4042 1187 4139 esset,
1210 4050 1409 4159 comparuit

1325 4168 1408 4223 cunr

254 4252 501 4343 imum·
520 4256 627 4335 odos·
652 4255 857 4355 1578.0N.
875 4258 1410 4354 manutenuerunt

207 4353 251 4409 οὔ
275 4348 356 4423 regns
363 4342 535 4431 sucteffione
542 4350 709 4437 smum,
924 4392 931 4409 .

266 4434 359 4543 Tu·
372 4442 427 4545 11,
436 4444 521 4529 Part
531 4470 567 4530 t.
659 4442 665 4447 ’
876 4452 981 4553 §gg
