3984 5167
371 614 378 626 .
464 473 1263 668 xurunttumtun*
1321 543 1439 662 -165

230 739 395 818 Rhenum
421 758 546 836 parum
568 755 665 814 extra
693 737 958 827 Helsautliam,
988 739 1027 816 dt
1054 735 1267 828 zelandiam
1282 737 1434 812 ’Ληναίου
1479 737 1584 816 1572.
1646 764 1649 768 ·

235 836 403 923 restaret,
422 855 556 910 tantum
572 838 738 911 inclinata
749 836 820 931 jam
843 837 917 934 ejue
937 836 1082 911 fortuna
1100 835 1170 908 sola
1192 835 1309 928 potuit
1329 858 1435 911 oceu-

229 937 328 1032 patio
351 937 410 1007 illa
432 932 690 1028 Zutpbanii,ut
707 936 856 1030 plurima
868 955 978 1030 eaque
998 934 1148 1007 maxima
1157 927 1297 1015 vtum,
1313 955 1431 1027 qnam·

231 1033 287 1107 vie
303 1053 378 1102 non
398 1027 584 1124 conspetto
604 1033 753 1104 libenter
763 1027 938 1106 cesserint.
1035 1080 1042 1098 .

279 1125 392 1198 XLV.
420 1124 530 1214 Quod
549 1151 628 1201 cum
653 1125 870 1202 Albrno‘eiiet
885 1128 1106 1214 nuntiatum,
1130 1122 1435 1198 animadverteret-

139 1228 143 1240 '
230 1245 322 1320 que,
348 1246 427 1318 quae
446 1247 645 1320 quantaque
662 1223 731 1296 sola
747 1225 805 1295 illa
821 1226 1046 1318 expeditione
1061 1219 1223 1294 victrices
1244 1219 1435 1315 copiaeob·

230 1316 431 1406 tindillent,
457 1319 585 1394 eriamfi
611 1321 678 1413 iam
697 1341 840 1393 ventum
856 1317 938 1394 effer
959 1321 1004 1391 ad
1028 1316 1135 1393 finem
1152 1315 1377 1404 Novembris,
1397 1316 1434 1390 δι

232 1415 383 1490 hiberno
398 1414 530 1510 frigore
549 1420 732 1489 horrerent
746 1417 882 1500 omnia,
907 1414 1062 1508 elletqne
1078 1415 1249 1487 exercitur
1263 1415 1372 1508 longo
1385 1414 1433 1484 la·

231 1513 318 1586 bore
339 1533 410 1588 non
432 1532 555 1606 parurn
578 1509 764 1606 fatigatus,
786 1513 925 1610 jamque
941 1531 1096 1584 nontam
1116 1510 1153 1581 in
1175 1510 1300 1594 armir',
1325 1530 1432 1604 quam
1498 1531 1502 1539 ’

229 1609 374 1688 virtutis
387 1606 554 1704 opinione
573 1609 703 1684 bellum
720 1605 942 1697 consrsteret3
981 1627 1055 1679 tum
1076 1607 1130 1678 bia
1147 1605 1356 1679 accederent
1371 1627 1432 1678 va·

231 1705 308 1786 ria,
334 1704 370 1776 dt
395 1725 549 1800 magna,
564 1706 744 1786 itinerum,
770 1727 996 1785 commeatus,
1019 1703 1233 1796 aliarumque
1248 1722 1366 1773 rerum
1381 1703 1433 1772 in-

230 1801 434 1882 commoda,
460 1803 662 1894 quominus
683 1797 910 1874 Hollandiarn
933 1797 1009 1898 ipso
1034 1798 1155 1872 estivo
1173 1818 1347 1893 tempore,
1356 1815 1433 1871 tan·

230 1915 338 1990 toque
363 1898 472 1992 magis
488 1917 571 1974 tunc
598 1893 730 1970 accessu
759 1897 1016 1982 difficillimam,
1041 1894 1244 1969 invaderet:
1270 1891 1434 1989 praest'an·

232 1995 300 2068 tius
328 2013 442 2066 tamen
468 1991 533 2067 else
563 1995 684 2078 duxit,
716 1993 977 2068 difficultatibus
999 1990 1157 2090 quamvis
1182 1989 1339 2063 mdximin
1363 1988 1433 2066 sese

233 2091 472 2174 committere,
499 2113 601 2188 quam
626 2111 696 2164 tam
714 2090 929 2166 manifestum
951 2090 1024 2164 Dei
1050 2088 1208 2162 favorem
1232 2087 1430 2183 negligere,
1658 2173 1661 2179 ¹

232 2184 362 2260 sciebat
390 2191 480 2259 enim
511 2237 522 2271 ,
556 2188 679 2283 quanti
708 2185 854 2261 referret
880 2211 951 2262 tam
971 2188 1122 2272 divinit,
1148 2207 1252 2281 quarn
1274 2187 1432 2257 humanit
1464 2179 1593 2276 ΑΜ

232 2285 358 2370 rebus,
384 2287 561 2357 Autricum
586 2283 630 2356 ab
649 2281 838 2356 Hollandir
860 2303 1065 2380 receptum,
1090 2279 1332 2376 adjutumque,
1358 2283 1433 2377 qui·
1457 2263 1557 2410 m

232 2379 301 2453 bue
318 2378 427 2473 posset
450 2382 564 2452 modis
584 2377 710 2455 aliudue
730 2383 935 2477 inquietari,
960 2379 1127 2475 bellisque
1152 2379 1300 2460 vexari,
1325 2399 1371 2450 ne
1397 2378 1432 2451 ei
1455 2355 1604 2489 seque&

235 2494 375 2571 tempus
393 2475 611 2571 spatiumque
638 2479 778 2552 daretur
802 2480 918 2551 omnia
944 2479 987 2551 ad
1013 2476 1152 2550 libitum
1177 2473 1431 2562 subvertendi,
1462 2490 1592 2567 Expenfir
1663 2561 1671 2576 x
1755 2553 1758 2561 ,

232 2574 350 2666 itaque
367 2573 411 2646 tui
436 2569 608 2646 Harlemii
625 2577 924 2667 oppugnationem
941 2573 1096 2647 animum
1124 2570 1283 2666 adjecit,
1300 2571 1430 2644 exerci-
1463 2573 1558 2664 mutto

231 2689 379 2761 tumque
395 2669 594 2742 ducendum
611 2666 687 2742 filio
704 2669 825 2757 dedit3
851 2671 887 2742 &
902 2669 1094 2744 civitasilla
1109 2666 1430 2763 expraecipnirejus
1463 2649 1490 2746 ’ἕ

231 2763 452 2851 Provinciae,
475 2765 512 2836 in
529 2761 669 2859 ejusque
688 2785 809 2836 centro
828 2763 909 2852 fita,
934 2765 1006 2838 fola
1019 2766 1109 2840 inter
1126 2787 1266 2849 omnes,
1292 2765 1426 2858 quaeob
1445 2738 1611 2871 meza·

233 2864 306 2936 loci
330 2857 430 2932 litum
454 2882 539 2934 tunc
565 2863 732 2956 temporie
754 2861 932 2935 obsidione
959 2863 1055 2958 cingi
1073 2859 1187 2954 pollet
1208 2881 1218 2934 r
1242 2881 1313 2932 non
1337 2861 1429 2936 enim
1548 2925 1560 2937 ,

234 2959 433 3032 utialiaeita
450 2960 551 3052 aquis
568 2978 643 3030 erar
661 2962 892 3047 circumdata,
917 2961 1004 3052 quin
1025 2973 1160 3052 pateret
1174 2959 1308 3052 aliquot
1326 2956 1364 3030 in
1376 2959 1429 3031 lo·

229 3058 281 3130 cit
302 3057 416 3129 aditus
444 3058 511 3126 nec
536 3057 801 3138 incommodus,
826 3079 890 3130 nec
916 3053 1077 3130 difficilis.
1113 3053 1294 3128 Coeterum
1313 3055 1428 3128 voluit

230 3149 448 3226 Nostrormiur
466 3155 784 3248 oppugnationem,
810 3175 880 3250 qua
891 3173 995 3248 parte
1013 3155 1102 3226 bene
1117 3152 1274 3236 munita,
1303 3149 1427 3246 magis·

227 3273 300 3346 que
322 3247 469 3324 difficilis
489 3269 564 3322 erat
589 3250 712 3343 (quod
735 3250 876 3322 brevior
900 3271 941 3322 ea
959 3251 1019 3324 via
1036 3245 1247 3339 videretur)
1270 3268 1423 3328 tentare,

114 3375 116 3384 ·
229 3349 335 3442 idque
360 3347 504 3431 minori,
530 3345 633 3442 quim
654 3370 746 3442 opus
762 3367 860 3432 erat,
884 3367 1074 3442 apparatu,
1097 3365 1139 3415 ac
1158 3345 1313 3414 viribus:
1334 3344 1429 3418 unde

101 3792 104 3800 Δ
225 3727 406 3822 extemplo
436 3723 622 3802 miserrima
642 3729 788 3819 effecta,
813 3751 978 3826 quantum
1002 3733 1107 3802 incon

225 3437 350 3514 savena
376 3440 528 3535 eousque
547 3441 687 3528 fortuna
723 3443 738 3534 (
759 3441 958 3516 desideratis
975 3465 1021 3512 ex
1044 3442 1210 3511 diuturno
1229 3436 1323 3510 bello
1339 3437 1427 3510 mul-

230 3539 275 3610 tia
293 3533 494 3608 necessariis·
507 3539 550 3609 ad
568 3539 664 3613 urbis
690 3536 1012 3636 expugnationem)
1036 3534 1123 3608 mird
1139 3535 1353 3644 mutatione,
1378 3555 1424 3606 ex

222 3628 428 3706 saelicilsrma
453 3630 530 3724 (uti
551 3635 670 3727 postea
685 3633 846 3732 ditetur)
871 3632 1038 3706 immenso
1057 3630 1167 3802 Reffit
1192 3631 1422 3717 detrimento,

1158 3729 1240 3800 ntiae
1255 3729 1291 3799 in
1309 3726 1344 3799 se
1362 3727 1424 3799 ha-

226 3827 332 3910 beat,
359 3843 534 3919 quamque
552 3845 676 3917 parum
690 3827 741 3899 illi
760 3831 903 3903 credere
921 3827 1132 3912 debeamus,
1156 3821 1420 3898 satisostenditr

225 3945 293 4004 nec
308 3943 385 4036 nnn
400 3918 659 4016 imperatores,
682 3943 728 3996 ne
751 3943 881 3999 temere
896 3925 1087 4019 quidquam
1101 3919 1421 4018 aggrediaudeant,

227 4017 618 4190 egffgqlaoffitim
652 4112 871 4190 Harleminm
897 4111 1194 4212 oppugnaturus,
1225 4077 1422 4189 Amersforss

223 4213 312 4286 tium
337 4213 458 4296 venit,
492 4233 670 4306 unumque
691 4214 741 4286 ibi
769 4233 925 4291 moratus
953 4215 1071 4301 diem,
1103 4209 1279 4286 Nardium
1302 4209 1424 4290 versun

223 4310 352 4382 movit:
377 4307 573 4386 manserant
590 4310 626 4381 in
643 4309 814 4406 oppidulo
832 4311 919 4400 illo,
937 4333 1005 4386 nec
1020 4309 1166 4395 naturd,
1181 4331 1331 4387 necarte
1347 4329 1424 4381 mu·

217 4405 321 4495 rnito,
340 4409 498 4484 nonnulli
521 4429 568 4485 tx
591 4404 770 4496 boninus,
806 4409 1095 4583 quiX(negletlir
1123 4403 1245 4505 boffoli
1260 4406 1424 4594 moni&
