3984 5167
709 198 715 233 s

401 471 695 567 uisura
765 466 1256 568 ooTAvus.
1317 447 1426 595 ‘557

238 690 413 835 nunpuam
434 665 537 739 satius
553 662 686 749 videre,
700 665 795 757 quod
813 663 1013 760 appetebat,
1028 661 1097 737 uni
1112 668 1154 738 ad
1172 667 1261 742 idem
1271 674 1425 760 rediens,
1472 695 1576 769 1595.
1674 701 1680 709 ’

237 762 312 837 stan
328 787 395 857 que
419 766 454 835 in
471 763 623 854 margine
642 758 756 849 foffae,
782 756 940 854 sclopeto
962 759 1006 833 ab
1027 759 1183 834 hostibus
1203 765 1288 837 ictus
1305 773 1420 859 periit.

237 860 341 933 Mors
358 862 500 955 indigna
515 860 561 930 ob
576 857 647 929 sem
663 878 734 928 tam
750 857 851 951 parvi
868 856 1053 939 momenti,
1071 878 1147 931 erut
1167 861 1259 931 enim
1275 861 1422 937 scientiae

237 955 395 1029 militaris
420 955 482 1028 usu
505 950 678 1049 acquifitae
702 950 896 1047 fingularis,
922 976 963 1025 ac
981 973 1089 1045 prout
1104 952 1153 1047 (st
1184 958 1324 1031 memini
1349 957 1424 1033 dixi

110 1056 111 1059 ’
237 1052 276 1123 &
295 1052 400 1145 alibi)
432 1053 489 1123 vir
513 1053 694 1132 strenuus,
733 1046 772 1121 δι
805 1046 926 1129 sortis,
950 1068 1057 1144 atque
1083 1050 1128 1121 au
1153 1055 1282 1145 majora
1306 1075 1421 1146 aptus.

234 1143 381 1221 Mortuo
391 1151 567 1233 Lamousia,
584 1148 744 1217 Fontanus
759 1144 874 1235 primo
888 1146 968 1217 loco
985 1147 1280 1239 expuguationem
1291 1151 1423 1222 castelli

235 1242 288 1316 ele
315 1245 363 1324 it,
388 1244 542 1335 dumque
572 1238 719 1312 sollicite'
740 1240 811 1329 agit
832 1242 874 1311 de
906 1241 970 1323 iis,
994 1260 1073 1333 quae
1102 1242 1202 1315 adid
1229 1264 1328 1317 erant
1363 1266 1423 1317 ne·

234 1266 397 1425 religatio,
430 1338 541 1411 adfuit
570 1331 735 1429 vigefims
761 1334 881 1427 quinti
921 1334 1015 1426 Junii
1036 1337 1130 1407 divae
1163 1345 1269 1411 Anne
1300 1338 1393 1415 sacra
1405 1392 1419 1428 ,

234 1432 366 1506 summo
396 1456 495 1507 mane
521 1434 682 1515 nuntius,
718 1433 778 1525 qui
807 1428 995 1503 adventare
1022 1428 1207 1503 Gallorum
1232 1436 1422 1509 exercitum

234 1526 455 1603 asserebatad
474 1528 746 1601 subveniendum
769 1524 921 1609 obsrffis,
948 1548 1091 1620 eratque
1116 1550 1249 1601 verum.
1298 1528 1421 1613 Domi·

236 1645 301 1697 nus
325 1626 416 1697 euim
440 1624 476 1693 de
502 1624 617 1696 Villars
640 1644 720 1693 cum
745 1620 957 1713 collegisset,
983 1641 1089 1717 prout
1109 1624 1143 1695 ei
1173 1622 1308 1696 'usserat
1331 1629 1422 1698 Hen-

231 1722 335 1801 sicns,
367 1718 592 1813 equestrium,
628 1742 669 1791 ac
704 1715 915 1813 pedestrium
943 1716 1023 1791 satis
1049 1648 1231 1812 copiosum
1257 1724 1419 1810 militem,

233 1814 364 1887 oblitus
381 1817 522 1889 alterius
542 1814 714 1894 mandati,
738 1812 971 1907 conjungendi
1000 1812 1033 1885 se
1060 1837 1140 1887 cum
1167 1816 1334 1903 Neuertio,
1360 1839 1421 1891 aut

232 1912 353 2003 potius
372 1914 490 1983 volens
506 1910 628 2003 gloriae
643 1908 816 1994 vistorim,
843 1932 945 2003 quam
963 1906 1104 1981 forfitan
1116 1930 1246 1985 certam
1263 1908 1325 1983 fibi
1341 1935 1421 2005 per·

231 2003 415 2091 suadebat,
440 2006 530 2077 solus
560 2005 687 2101 potiri,
712 2004 888 2087 Dorlunutn
919 2004 1037 2079 versus
1054 2009 1163 2084 venit,
1213 2004 1373 2080 Fontanus
1397 2007 1420 2081 ὲ

235 2120 358 2173 contra
380 2099 461 2197 post
477 2119 661 2194 acceptum
682 2099 782 2193 hujus
807 2097 975 2173 adventus
996 2103 1180 2187 nuntium,
1204 2102 1253 2173 ita
1275 2102 1423 2198 diligen·

233 2219 302 2281 ter,
332 2216 433 2291 utque
449 2195 531 2291 apte
547 2195 627 2269 suos
644 2194 828 2289 disposuit,
854 2215 893 2267 ut
910 2193 1047 2283 obseiii,
1071 2196 1155 2269 dum
1171 2214 1269 2270 extra
1289 2223 1421 2292 pugna·

132 2303 141 2321 ⁸
233 2312 347 2376 retur,
374 2294 423 2363 nil
441 2293 474 2364 'ei
490 2294 652 2363 damnum
675 2292 767 2363 intus
787 2287 915 2361 inferre
940 2293 1136 2383 potuerint,
1169 2293 1208 2365 δι
1232 2293 1419 2381 thlnrn'us,

233 2384 363 2461 etiamst
383 2387 440 2469 id,
463 2385 507 2457 ad
526 2389 622 2481 quod
639 2405 800 2469 venerat,
816 2383 955 2457 fortiter
969 2384 1157 2471 tentasset„
1170 2386 1422 2480 pugnassetque

235 2479 392 2564 strenue,
417 2478 530 2555 vietus
553 2481 650 2553 brevi
680 2480 846 2573 temporis
869 2476 1001 2572 spatio,
1026 2480 1203 2553 Fauianum
1223 2483 1243 2553 i
1260 2482 1422 2575 periculo

197 2656 198 2662 γ
234 2578 415 2659 liberavit,
429 2576 679 2668 Dorsonumqus,
704 2599 806 2669 quarn
828 2574 956 2648 salvare
970 2598 1136 2661 venerat,
1160 2576 1203 2649 ad
1219 2579 1421 2653 celeriorem

234 2674 466 2769 perditionem
482 2674 706 2767 praeparavit.
755 2672 863 2744 Periit
881 2667 1067 2744 Gallorum
1086 2670 1164 2744 saris
1189 2696 1337 2769 magnus
1357 2698 1420 2747 nu-

235 2792 350 2843 merus
361 2818 372 2854 ,
399 2769 634 2861 thlqrtt'nsque
652 2769 689 2841 &
701 2765 795 2862 ipse,
822 2768 903 2839 dum
922 2764 1008 2861 fugi
1025 2764 1168 2840 usurum
1188 2772 1333 2864 quaerit,
1358 2791 1420 2844 oc·

235 2864 325 2939 cisus
345 2864 403 2940 est.
429 2861 486 2935 Ex
507 2862 628 2955 Regiis
651 2865 754 2956 pauci
772 2860 961 2935 desiderati.
987 2861 1146 2935 Fontanus
1161 2886 1266 2952 vero,
1291 2865 1420 2959 adepta

233 2979 305 3033 tam
330 2956 532 3054 opportuna
555 2960 723 3043 vistotiai,
743 2959 814 3053 jam
833 2959 877 3030 ab
893 2976 1011 3032 extero
1033 2956 1290 3034 hostefomnino
1309 2962 1418 3048 liber,

233 3058 490 3152 quamprimum
501 3055 681 3129 collocatis
691 3052 752 3131 suo
769 3057 804 3126 in
822 3054 903 3127 loco
919 3056 1100 3126 tormentis
1117 3056 1269 3140 bellicis,
1288 3054 1421 3130 Castel-

233 3154 308 3227 lum
327 3151 430 3245 quati
463 3149 588 3245 coepit,
613 3153 856 3245 perrexitque,
889 3150 1001 3225 donec
1028 3147 1219 3236 sufficiens,
1243 3154 1421 3225 videretur

233 3246 325 3323 faeta
354 3249 442 3321 muri
472 3264 645 3339 ruptum,
678 3268 743 3340 per
776 3270 880 3341 quarn
898 3246 1121 3320 invaderent
1150 3248 1295 3328 milites,
1322 3249 1419 3339 quod

150 3405 159 3411 .
234 3340 334 3437 figno
354 3345 436 3417 dato
453 3343 501 3414 ita
517 3340 657 3417 fortiter
674 3342 807 3426 secere,
833 3364 872 3415 ut
890 3339 1011 3434 paucis
1026 3340 1146 3413 amisis
1160 3342 1247 3414 illud
1267 3363 1355 3415 occu
1383 3365 1418 3415 a·
1522 3392 1527 3402 ,

233 3438 357 3510 verint.
408 3438 616 3531 Acciditque
634 3439 729 3512 illico
753 3434 872 3531 postea
888 3434 927 3507 &
943 3435 1053 3518 illud,
1079 3437 1175 3531 quod
1202 3459 1327 3511 contra
1357 3462 1418 3511 en·
1493 3496 1513 3509 ..
1554 3502 1558 3508 .

233 3532 378 3607 tentiam
395 3531 754 3696 Lomuttiisjudicarant
770 3531 885 3619 multi,
897 3550 938 3603 ut
953 3530 1033 3624 post
1045 3528 1235 3607 Castellum
1252 3553 1416 3628 captum,

234 3645 406 3721 occupatu
427 3628 529 3699 etiam
559 3630 648 3703 uerit
669 3630 812 3713 civitas,
840 3627 899 3720 qui
923 3628 1017 3699 intus
1047 3627 1202 3715 inventi,
1235 3646 1295 3702 aut
1322 3626 1418 3719 caefi,
1448 3628 1454 3639 '

234 3744 296 3799 aut
321 3722 437 3814 capti,
468 3722 657 3819 civitasque
682 3722 808 3798 viciori
826 3724 958 3817 praedae
985 3720 1088 3797 ceffit.

284 3815 434 3893 xxvn.
460 3818 637 3892 Caeterum
666 3819 825 3893 Fontanus
843 3819 921 3913 post
939 3820 1084 3914 adeptos
1100 3820 1209 3893 trinos
1227 3817 1293 3894 hos
1320 3844 1339 3891 e
1366 3842 1420 3893 te·
1547 3878 1553 3894 ,

234 3914 313 4011 gius
322 3966 333 4001 ,
360 3934 401 3986 ac
417 3908 545 3987 saelices
564 3912 758 4001 successus,
782 3912 1022 4000 confidemus,
1046 3914 1131 4009 quid
1149 3914 1256 3989 soleat
1270 3938 1319 4011 po
1346 3918 1420 3991 ein

145 4068 148 4073 ,
233 4012 330 4087 bello
351 4008 514 4096 fortuna,
539 4030 617 4083 cum
634 4007 716 4095 flat,
740 4008 768 4083 si
794 4011 835 4083 ei
854 4009 1037 4104 diligenter
1065 4031 1202 4097 ututur,
1225 4013 1420 4107 vidensque

212 4106 352 4183 ‘Gallis
370 4104 489 4177 inillis
513 4105 663 4193 finibus,
681 4108 764 4179 dum
781 4106 818 4179 in
838 4104 1029 4199 Burgundio
1042 4106 1151 4181 haeret
1175 4111 1352 4196 Henticus,
1369 4106 1419 4180 nil

234 4202 362 4375 picium
383 4198 813 4314 supereffejmpeuendp
834 4200 1008 4313 quidquid
1032 4202 1182 4315 ulterius
1196 4221 1329 4278 tentare
1348 4205 1421 4313 vel·

251 4317 306 4394 et,
336 4294 511 4393 suosque,
542 4308 672 4379 etiamst
701 4295 1035 4488 praeluxaaaltpsqpe
1061 4299 1144 4380 bella
1171 4301 1422 4466 mcommodplsi:
