3984 5167
579 534 664 645 360
719 526 752 637 J.
782 522 829 613 n.
857 544 933 613 ns
968 487 1221 616 Tassrs
1251 510 1650 613 communis.

429 732 532 806 1579·
578 772 606 819 ,‚
628 718 829 815 Hispanos,
857 714 985 803 ltalos,
1023 708 1244 800 Germanos,
1268 709 1499 808 Burgundos,
1525 712 1654 789 Gallos
1660 764 1673 801 ,
1707 712 1767 789 bn·

580 868 608 915 ,7
630 824 725 915 glos,
742 814 917 903 Schotos,
931 833 971 884 ac
985 830 1131 883 caeteros
1151 830 1271 882 omues
1297 809 1528 904 Peregrinos,
1552 812 1615 905 qui
1630 831 1772 908 propter

580 962 608 1007 ,‚
631 913 733 988 hosce
751 934 866 985 motus
883 911 1060 1001 utrimque
1079 905 1233 979 accersiti
1255 908 1510 1001 reperirentur,
1536 908 1623 980 citra
1643 932 1771 983 moram

580 1061 607 1105 ,‚
630 1008 825 1084 Provinciis
844 1005 997 1098 Belgicis
1012 1003 1133 1097 jubeat
1149 1001 1340 1090 excedere,
1367 999 1404 1073 &
1420 1023 1460 1076 ut
1479 1003 1619 1077 illorum
1637 1006 1718 1079 loco
1736 1008 1771 1081 in

580 1160 608 1201 ‚,
631 1107 802 1189 urbibus,
834 1098 1098 1195 arcibusque&
1127 1100 1271 1173 castellis
1298 1120 1378 1194 quae
1410 1101 1454 1173 ab
1486 1102 1580 1172 omni
1613 1105 1770 1175 memoria
1824 1156 1829 1163 ·

581 1253 610 1298 „
632 1200 825 1299 praesrdium
841 1199 1057 1281 babuerunt,
1082 1191 1327 1269 substituantur
1348 1196 1477 1268 milites
1495 1199 1689 1286 naturales,
1712 1222 1772 1273 cae·

581 1352 609 1394 ‚,
631 1310 762 1371 terum¹
779 1291 1013 1388 adstringendi
1048 1290 1276 1389 jurejurando
1314 1293 1517 1387 peculiari,
1552 1314 1659 1388 prout
1689 1295 1773 1370 infra

583 1398 735 1491 „latius
767 1394 914 1466 dicetur.

632 1538 654 1572 „
681 1488 897 1563 LXXXVll.
922 1486 1033 1581 Quod
1049 1484 1136 1558 verb
1156 1487 1278 1560 attinet
1313 1485 1357 1559 ad
1386 1490 1471 1560 alios
1495 1490 1621 1560 milites
1649 1512 1771 1585 nequa·

580 1639 608 1684 ‚,
631 1611 734 1684 qnam
770 1606 984 1668 extraneos,
1029 1584 1131 1655 etiam
1172 1584 1216 1654 ad
1263 1584 1454 1676 pleniorem
1497 1588 1778 1660 exonerationem·

583 1734 610 1779 ,‚
633 1682 837 1757 affliilotum
869 1681 1106 1761 subditorum,
1131 1678 1307 1751 mandabit
1327 1678 1396 1753 Sua
1426 1680 1614 1775 majestas,
1638 1686 1771 1755 univer·

583 1830 610 1876 „
632 1780 705 1853 sum
723 1780 867 1851 militem
880 1797 949 1849 tam
973 1795 1065 1846 terra
1083 1798 1185 1868 quam
1208 1776 1313 1859 marl,
1338 1779 1432 1849 illico
1449 1780 1527 1871 post
1550 1777 1672 1851 dislam
1689 1802 1772 1873 pro·

583 1926 611 1973 ,‚
632 1876 879 1972 mulgationem
898 1872 1130 1957 exauctorari,
1156 1895 1197 1943 ac
1215 1872 1362 1959 dimitti,
1379 1896 1418 1946 ιιι
1435 1875 1597 1947 nimirum
1612 1878 1771 1969 deinceps
1882 1873 1883 1906 ³

583 2024 611 2067 ,‚
633 1972 696 2045 stbi
731 1971 894 2065 privatim
925 1970 1048 2042 vivant
1084 1967 1119 2037 in
1157 1968 1430 2061 tranquillitate,
1463 1972 1630 2045 ordinarii
1655 1970 1772 2045 statum

583 2119 612 2164 ,‚
633 2064 800 2166 ptaeldiis
826 2068 843 2107 '
871 2064 935 2159 (ut
955 2063 1084 2139 diuum
1106 2062 1179 2156 est)
1204 2066 1347 2137 retentis
1367 2089 1409 2139 ac
1429 2064 1634 2140 suffesluris.

621 2213 648 2260 ,‚
670 2160 901 2237 LXXXVlll.
912 2157 1022 2235 Porro
1033 2159 1117 2252 quia
1127 2162 1191 2232 bac
1201 2182 1290 2254 pace
1300 2160 1447 2235 stabilita
1457 2162 1707 2257 perdiscessum
1717 2189 1772 2241 ex·

585 2281 850 2358 „truncorum
876 2278 1018 2352 tamque
1036 2278 1179 2329 eatenus
1208 2276 1386 2341 armorum¹
1405 2259 1587 2334 occasione
1610 2262 1773 2355 quodam·

583 2406 611 2456 „
634 2358 741 2434 modo
758 2354 912 2445 sublati,
937 2353 1055 2426 omnia
1071 2348 1251 2445 sperentur
1268 2353 1361 2447 quast
1385 2355 1596 2450 postliminio
1618 2360 1664 2431 ad
1680 2362 1773 2455 quie·

585 2504 613 2553 ,‚
634 2477 705 2531 tem
721 2456 897 2539 reditura,
921 2468 1034 2547 utque
1061 2470 1106 2520 eo
1138 2450 1248 2542 magis
1280 2446 1396 2523 fructu
1423 2455 1519 2547 pacis
1549 2475 1668 2528 omnes
1694 2478 1772 2551 gau·

455 2578 463 2599 ·
582 2602 611 2650 „
634 2551 761 2639 deant,
785 2550 872 2625 nihil
896 2565 966 2619 tam
985 2540 1104 2620 exusu
1122 2545 1266 2639 publico
1280 2546 1474 2641 judicatur,
1501 2572 1602 2643 quam
1618 2553 1770 2647 otplebs

583 2698 612 2746 „
634 2650 721 2724 citra
738 2668 879 2723 omnem
896 2640 1153 2719 consistionem
1170 2644 1288 2717 redeat
1314 2643 1359 2715 ad
1376 2643 1517 2741 opificia
1540 2670 1713 2722 mercatus
1735 2644 1772 2721 dt

585 2793 614 2839 „
635 2746 777 2841 negotia
796 2744 921 2839 pacis,
956 2738 1083 2835 quibus
1105 2735 1159 2825 se,
1184 2760 1329 2826 uxores,
1354 2739 1549 2836 liberosque
1577 2744 1665 2817 citra
1689 2743 1772 2839 iujo

583 2886 612 2936 „
633 2843 718 2913 riam
769 2838 894 2914 roximi
918 2834 1061 2911 honeste
1087 2830 1273 2907 sustentate
1298 2836 1439 2924 valeat,
1475 2839 1684 2935 &proinde
1704 2840 1772 2913 Sua

570 2984 616 3031 ·,‚
635 2864 799 3031 Majelirn
812 2955 887 3007 tum
902 2932 950 3006 ob
970 2928 1104 3004 causam
1121 2928 1341 3024 preditum,
1366 2954 1441 3005 tum
1464 2936 1627 3011 etiamad
1647 2940 1773 3010 evitan-

584 3080 613 3127 ,‚
635 3032 681 3105 da
690 3029 904 3126 inposterum
923 3028 1011 3103 vitia
1022 3026 1061 3099 δι
1075 3026 1318 3114 incommoda,
1330 3031 1631 3128 quaeplerumque
1647 3034 1777 3119 otium,

585 3178 613 3226 ‚,
636 3128 674 3205 &
699 3129 892 3202 animorum
918 3124 1088 3198 luxuriam
1111 3124 1270 3198 comitari
1294 3124 1425 3214 solent,
1459 3129 1637 3203 mandabit
1662 3128 1776 3203 ubivis

572 3272 615 3321 ·„
637 3225 817 3311 locorum,
853 3244 945 3297 arma
968 3221 1078 3315 poni,
1110 3242 1182 3292 non
1204 3222 1317 3295 minus
1341 3224 1413 3298 ruri
1435 3246 1538 3320 quam
1561 3228 1599 3298 in
1614 3225 1777 3323 oppidis,

587 3369 616 3419 ‚‚
637 3321 766 3415 qulbus
783 3344 824 3396 ea
842 3338 1002 3415 tempore
1033 3319 1133 3412 pacis
1155 3339 1221 3393 nec
1243 3316 1357 3392 foveri
1385 3341 1451 3391 nec
1478 3324 1615 3396 ussisti
1638 3319 1779 3395 consue·

588 3467 617 3515 ,‚
638 3416 743 3504 vste,
767 3415 874 3512 idque
903 3415 1051 3490 omnino
1074 3413 1215 3487 adeum
1238 3416 1402 3504 modum,
1426 3437 1497 3511 quo
1528 3419 1613 3491 olim
1643 3416 1780 3495 sattim

589 3561 619 3611 ,‚
640 3532 742 3601 tum,
766 3534 837 3585 tam
851 3533 932 3586 ante
949 3512 1083 3607 priores
1100 3532 1202 3605 quam
1213 3510 1420 3606 posteriores
1436 3512 1536 3589 hasce
1549 3515 1680 3591 turbas.

640 3657 668 3702 „
691 3606 887 3682 Lxxxlx.
921 3605 1204 3701 Consequenter,
1237 3626 1276 3679 ot
1307 3626 1405 3682 tanto
1431 3612 1593 3683 nimirum
1614 3613 1782 3707 pinguius

590 3756 620 3805 ,‚
640 3728 683 3779 ac
709 3704 917 3779 luculentius
942 3702 1176 3777 manifestetur
1199 3702 1277 3777 orbi
1303 3723 1471 3779 terrarum
1502 3711 1587 3781 vers
1615 3730 1787 3804 paternus

593 3852 622 3900 ,‚
643 3802 723 3877 Suae
739 3799 932 3898 Majestatis
951 3822 1050 3874 amor
1074 3794 1113 3871 &
1128 3795 1272 3874 affeslus
1291 3822 1372 3896 erga
1388 3800 1484 3875 suum
1506 3807 1698 3899 populum,
1724 3827 1788 3877 oc·

597 3946 625 3997 ‚,
646 3897 782 3973 cafione
796 3894 975 3995 praesentis
988 3899 1071 3971 belli
1093 3896 1265 3980 intellini,
1289 3918 1330 3969 ac
1355 3894 1571 3993 fingulariter
1597 3904 1643 3973 ob
1671 3901 1791 3973 uarie·

598 4043 626 4090 ‚‚
647 3992 1003 4090 tatenvettigaliun,
1027 3990 1794 4091 impositionum,sublidiorum,aliarumque

571 4136 627 4186 -,‚
649 4092 868 4165 exastlonum
892 4091 930 4165 δι
965 4089 1220 4167 concollionum
1247 4088 1473 4167 vehementer
1494 4094 1795 4180 exorbitantium,

600 4230 629 4277 „
650 4185 737 4259 adeo
761 4185 995 4272 exhaustum,
1029 4208 1069 4261 ut
1101 4186 1199 4282 quod
1220 4187 1329 4280 magis
1357 4208 1523 4283 aggravet
1536 4190 1601 4262 vix
1623 4190 1797 4264 videatur

576 4330 578 4337 ,
600 4276 815 4379 „deinceps
839 4282 927 4361 ferre
951 4280 1071 4378 posse,
1095 4282 1250 4381 placebit
1262 4282 1345 4357 Suae
1362 4282 1549 4378 Majestati,
1573 4307 1613 4360 ut
1635 4289 1679 4361 ad
1702 4310 1799 4361 con-

567 4422 628 4474 v„
648 4396 770 4475 gruem
807 4378 1067 4477 respirationem
1102 4379 1304 4458 eorumdem
1340 4378 1582 4473 subditotum,
1615 4380 1798 4551 univefitplsae

580 4518 589 4531 ·
1590 4522 1613 4561 n
1635 4502 1703 4553 6Χᾶ
1756 4502 1803 4552 0·
