3984 5167
566 536 698 655 ¹aaa
755 530 790 642 J.
818 529 867 619 u.
895 546 969 621 nr
997 523 1246 622 nassas
1277 453 1697 626 contutatum

454 752 563 830 1597.
610 732 715 803 etiam
746 723 878 815 sciens,
903 710 1006 800 bin'os
1027 720 1089 798 stbi
1109 722 1176 800 elle
1198 721 1392 799 vincendos
1416 724 1551 809 hostes,
1574 723 1734 803 voluillet
1751 728 1792 807 sn

612 829 656 899 tis
671 825 801 900 virium
817 846 1038 919 comparare,
1063 822 1188 917 quibua
1217 844 1347 910 unum,
1373 818 1413 893 dr
1437 824 1583 897 alterum
1606 822 1788 920 superaret:

613 922 685 995 Sed
702 943 780 994 cum
791 921 862 993 hoc
880 922 926 993 ob
946 921 1062 1013 operis
1078 918 1350 1015 magnitudinem
1363 918 1472 1015 plene
1486 916 1564 991 fieri
1580 944 1654 992 non
1718 920 1789 1009 liet,

612 1020 753 1091 coelius
773 1039 880 1089 unuru
897 1018 1049 1111 eligere,
1074 1040 1176 1111 quem
1197 1014 1399 1099 invaderet,
1425 1011 1465 1086 dr
1486 1014 1635 1091 solumd
1672 1018 1788 1091 endere

611 1113 645 1187 se
662 1114 708 1187 ab
731 1114 863 1195 altero,
889 1115 949 1185 diu
968 1111 1133 1185 cuiusuis
1153 1111 1361 1207 disputavit,
1386 1110 1410 1181 fi
1434 1112 1572 1207 integro
1593 1114 1694 1207 regio
1707 1138 1791 1187 exer·

567 1252 572 1261 ·
612 1208 683 1285 citu
703 1212 769 1283 iret
788 1229 909 1282 contra
943 1211 1116 1281 rlenricun
1135 1208 1180 1281 ad
1203 1206 1406 1281 salvandum
1431 1206 1582 1294 Tedium,
1608 1211 1790 1282 civitaiem·

611 1330 701 1401 que,
734 1326 838 1401 quam
868 1324 939 1376 tatu
971 1305 1120 1377 viriliter
1145 1321 1402 1398 occupaverat;
1426 1300 1525 1373 milis
1548 1304 1721 1398 aliquibus
1736 1328 1790 1378 co·

610 1405 680 1498 piis
699 1403 810 1475 Criniti
832 1400 972 1475 Vundtn
999 1394 1146 1493 Bergae,
1177 1401 1330 1484 Grldriae‚
1355 1423 1397 1471 ac
1426 1400 1516 1470 illius
1546 1398 1719 1476 distrifiur
1733 1424 1788 1497 per

611 1520 714 1591 quem
730 1498 880 1589 aliquam
896 1492 1106 1569 invafionem
1130 1517 1265 1569 tentare
1283 1492 1393 1588 pollet
1421 1495 1626 1580 Mauritius,
1650 1492 1788 1570 summus

609 1591 800 1669 Praefeetus
813 1643 824 1676 ,
835 1615 874 1666 ut
890 1615 970 1665 cum
984 1592 1073 1677 illis,
1083 1593 1280 1665 melioribus
1297 1591 1423 1684 quibus
1439 1588 1553 1683 pollet
1570 1594 1789 1679 modir,uihil

610 1688 793 1787 perdendo
804 1691 873 1761 hoc
884 1705 1225 1784 procuraree‚prout
1236 1687 1421 1760 videbatur
1437 1688 1557 1780 aliquo
1567 1686 1788 1782 modopollir,

611 1786 705 1859 anst
737 1788 816 1859 vice
840 1782 939 1857 versi
970 1782 1153 1855 Mantinon
1182 1786 1321 1877 integro
1344 1785 1501 1856 exercitu
1529 1803 1726 1876 quaereret,
1755 1786 1788 1859 dt

637 1885 752 1955 nando
768 1903 838 1953 non
855 1883 993 1952 cederet
1002 1928 1014 1965 ,
1039 1896 1099 1951 aut
1114 1880 1248 1973 aliquid
1264 1880 1382 1973 magni
1404 1900 1526 1951 contra
1541 1879 1639 1952 illum
1659 1898 1788 1974 ageret,

609 1906 727 2053 dalem
746 1978 824 2051 loca
839 1976 983 2071 propria
1001 1973 1263 2056 conservando,
1289 1997 1369 2047 cum
1386 1975 1559 2047 dedecore
1579 1979 1790 2049 retrocedere

611 2094 778 2170 cogeret3
805 2070 844 2144 dt
860 2072 929 2143 illie
944 2066 1026 2162 ipfis
1048 2072 1160 2165 copiis
1179 2069 1224 2142 ad
1241 2068 1476 2144 defensionem
1493 2068 1658 2144 dedicarit
1678 2092 1789 2145 utere·

609 2188 668 2243 tur
685 2168 893 2241 Ambianum
909 2162 1048 2248 versus,
1065 2166 1110 2238 ad
1125 2166 1403 2240 corroborandos
1418 2163 1618 2239 obsefforum
1630 2169 1790 2254 animos,
1879 2193 1880 2274 l

609 2282 650 2340 ut
667 2286 738 2336 uon
753 2264 801 2336 ita
809 2263 881 2336 cito
892 2260 936 2333 de
945 2260 1123 2334 deditione
1142 2265 1357 2357 cogitarent,
1383 2263 1421 2336 δι
1435 2260 1660 2335 lacelleudum
1673 2264 1795 2357 aliquo
1879 2291 1880 2350 l

607 2363 718 2434 modo
738 2359 928 2445 Hordeum,
953 2377 991 2429 ut
1008 2377 1190 2451 cogeretur
1212 2360 1305 2430 lente
1326 2360 1363 2430 in
1390 2354 1568 2431 obsidione
1628 2360 1795 2449 ocedete,
1879 2355 1880 2424 l

609 2461 654 2531 ae'
669 2457 706 2528 iu
724 2454 766 2529 ed
793 2454 853 2527 diu
876 2450 911 2527 se
931 2454 1104 2535 detinere,
1130 2457 1178 2526 ita
1196 2475 1236 2527 ut
1260 2456 1319 2525 illo
1339 2476 1453 2541 auno,
1488 2380 1629 2549 quandia
1653 2457 1793 2529 tauderu
1879 2445 1880 2500 7

607 2552 787 2629 civitatem
797 2551 841 2623 ad
859 2549 1070 2623 deditionem
1086 2572 1130 2622 co
1156 2571 1251 2634 eret,
1276 2551 1326 2623 nil
1341 2550 1487 2623 ulterius
1500 2550 1798 2625 contruderer·
1880 2615 1881 2654 ¹

606 2648 777 2724 intentare
792 2642 912 2742 pollen
937 2643 1053 2719 Fuere
1064 2576 1335 2719 cotidianorum
1346 2645 1491 2722 diverlae
1501 2644 1798 2731 sententiae,mul·

469 2791 472 2797 -
607 2764 654 2819 tae
672 2746 869 2821 Mauritium
896 2738 1015 2815 versus
1038 2742 1242 2827 inclinatae,
1274 2744 1441 2815 volebant
1461 2743 1630 2835 anteponi
1651 2743 1799 2838 propria

521 2892 524 2900 ’
608 2836 966 3029 ἓὲΡίἓῙέἭΑέῗ
988 2836 1153 3007 ddiilm
1175 2834 1800 3028 tallllll³mllllz“‘lad

606 3027 682 3127 pub
715 2984 829 3119 utine,
866 3028 928 3123 qui
957 2959 1183 3123 persuadebali
1210 3028 1304 3117 fibi,
1341 3028 1519 3102 stAlberto
1541 2984 1699 3103 man’eret
1721 3028 1802 3103 Arr-

607 3130 759 3215 bianum,
791 3144 864 3197 nou
894 3121 1049 3198 sutanum
1083 3123 1221 3199 difficile
1252 3127 1290 3197 in
1323 3123 1471 3200 trtdlatu
1501 3126 1622 3221 pacit,
1646 3124 1695 3198 de
1726 3148 1803 3221 quo

606 3223 712 3297 etiam
736 3240 820 3296 tuuc
852 3218 964 3294 calide
991 3223 1179 3317 agebatur,
1195 3221 1376 3309 obtinere,
1396 3239 1435 3293 ut
1464 3224 1720 3317 relinqueretur
1740 3222 1809 3294 Ale

606 3320 693 3393 imo
714 3316 873 3401 Celerum,
893 3314 1012 3389 saltem
1027 3319 1072 3390 ad
1088 3316 1219 3412 aliquot
1235 3342 1366 3408 ann0s3
1389 3316 1486 3413 quod
1509 3314 1730 3413 summopere
1751 3316 1805 3391 fn·

607 3414 722 3489 ciebat
737 3412 781 3487 ad
800 3411 966 3487 summam
981 3415 1032 3486 rei
1048 3436 1194 3510 propter
1218 3435 1342 3509 portus
1361 3412 1642 3488 commoditatem
1664 3466 1678 3501 ,
1703 3415 1806 3486 uude

603 3508 700 3584 bello
728 3510 900 3583 maritimo
926 3506 1091 3583 Rebelles
1107 3507 1474 3603 invadetecommodb
1503 3507 1701 3605 potuillet,
1737 3532 1808 3584 uec

549 3622 566 3701 j
605 3626 680 3679 nou
698 3606 842 3679 omniuo
861 3605 1036 3679 debellare
1052 3608 1237 3682 videbatur
1250 3606 1414 3681 fallibile.
1441 3604 1580 3699 Quibus
1596 3606 1657 3678 ille
1673 3608 1810 3685 auditis

605 3701 650 3773 ad
671 3699 892 3775 salvationem
908 3704 1061 3778 Ambiani
1079 3705 1229 3777 animum
1251 3706 1368 3778 vertit.

653 3794 730 3871 XL.
755 3794 843 3875 Erat
861 3798 933 3894 jam
949 3818 1035 3872 tuuc
1049 3798 1220 3895 sclopetto
1237 3799 1280 3871 ab
1296 3798 1454 3873 hostibus
1467 3800 1602 3874 occisus
1619 3798 1760 3887 l‘elir‘ur,
1771 3802 1816 3877 dr

412 3906 442 3951 ··
464 3906 564 3965 Im:
603 3892 641 3972 in
658 3894 733 3990 ejus
750 3894 867 3969 locum
882 3894 1082 3970 t'tmilitibus
1097 3897 1285 3993 derogatus
1308 3896 1330 3937 ¹*
1353 3897 1500 3969 Marullo
1513 3898 1551 3967 de
1567 3897 1813 3991 Mmrmegro,

420 3982 548 4056 smil·
604 3990 831 4085 Neapolitanus
853 4011 896 4064 ex
914 3990 1093 4083 clarapher
1119 3993 1140 4084 †
1163 3990 1284 4067 illustri
1310 3990 1477 4086 Familia,
1504 3993 1541 4064 &
1563 3992 1635 4087 ipse
1654 3990 1812 4085 insignis

418 4074 478 4123 ω·
602 4090 723 4176 miles,
745 4086 943 4182 omnisque.
965 4088 1024 4183 qui
1049 4088 1098 4161 ibi
1123 4110 1196 4163 erat
1221 4092 1393 4183 equitatus
1417 4086 1568 4160 summus
1593 4086 1820 4161 rotenus.

415 4182 566 4256 tumetra
604 4184 753 4257 Alatreus
771 4207 858 4261 vero
880 4182 978 4258 milfis
998 4188 1115 4256 Camiri
1131 4186 1169 4258 de
1184 4186 1462 4279 VondenBetgbe
1479 4186 1589 4279 copiis
1602 4178 1823 4257 defensioni
1880 4183 1881 4202 ¹

419 4278 532 4321 mm*
604 4280 800 4372 destinatis,
824 4280 884 4354 sub
912 4280 1005 4355 tinen
1035 4280 1345 4373 Juniiexercitum
1370 4278 1521 4354 adfines
1548 4274 1699 4369 Artbestoe
1735 4280 1822 4353 nni

419 4336 540 4403 Μ’·
603 4370 673 4451 elle
685 4375 803 4470 jnffit,
827 4378 1036 4474 tandemque
1058 4376 1265 4470 duodecima
1284 4376 1498 4477 Septembris
1516 4375 1674 4450 Galliam
1696 4377 1827 4486 intra·

1022 4528 1028 4531 -
1318 4490 1322 4503 ’
1728 4492 1825 4557 vat,
