3984 5167
560 556 643 661 388
702 549 736 659 J.
764 544 810 637 B.
838 570 915 637 Du
949 542 1198 641 TASSIS
1237 542 1627 651 COMMENT·
1691 549 1695 555 ⁴

402 734 507 813 1579·
556 782 581 820 ,‚
606 764 686 816 nem
701 742 861 817 locorum
880 741 917 813 in
935 740 1063 837 quibus
1081 743 1262 817 hincinde
1279 738 1755 837 degent‚spatiomenfiraut

558 879 582 917 o
607 838 665 913 sex
682 840 1006 925 hebdomadarum,
1024 859 1063 912 ut
1081 842 1215 913 interea
1237 838 1388 933 peounist
1405 836 1570 912 solutioni
1599 839 1758 937 stipendii

557 981 586 1031 ‚,
608 934 792 1009 necelsaria
809 933 992 1022 conferre,
1018 959 1141 1010 omnes
1163 937 1288 1008 eodem
1305 953 1466 1027 tempore
1490 936 1719 1011 dimittantur.

606 1080 634 1124 „
656 1031 804 1105 CLXX.
853 1030 902 1103 Et
936 1052 977 1103 ut
1008 1054 1126 1104 mutua
1156 1033 1328 1104 ditionum
1360 1032 1550 1105 concordia
1580 1032 1622 1104 srt
1647 1036 1755 1129 magis

558 1167 582 1203 n
607 1129 771 1202 diuturna
791 1150 831 1200 ac
851 1126 966 1211 firma,
992 1123 1148 1202 Ordines
1166 1125 1439 1201 Arthestenfium
1463 1150 1655 1223 eorumque
1674 1152 1757 1203 con·

557 1264 582 1299 η
609 1224 736 1311 sortes,
762 1224 974 1319 praestabunt
992 1226 1188 1296 cautionem
1216 1225 1259 1296 de
1286 1246 1359 1295 non
1385 1224 1501 1296 dando
1520 1228 1648 1297 exteris
1667 1246 1754 1299 tran·

558 1360 581 1396 η
608 1318 709 1394 fitum
726 1320 771 1393 ad
794 1321 974 1393 interiores
993 1320 1164 1406 ditiones,
1182 1318 1325 1391 similem
1346 1320 1397 1392 illi
1406 1320 1527 1412 deque
1545 1323 1583 1391 in
1591 1321 1755 1414 superiori

558 1417 755 1492 „articulo
792 1414 951 1509 respestu
994 1412 1350 1510 Luxemburgensrum
1389 1417 1427 1489 δι
1461 1416 1781 1511 Burgundionum,

518 1528 519 1533 ’
558 1552 582 1589 n
608 1512 737 1588 distum
755 1511 816 1586 est.
842 1509 994 1599 Vicillim
1014 1508 1168 1587 Ordines
1184 1514 1326 1585 aliarum
1345 1513 1528 1597 ditionum,
1540 1516 1585 1586 ad
1602 1515 1755 1589 eamdem

559 1648 583 1685 n
609 1611 804 1685 cautionem
821 1606 1207 1701 Luremburgensrbus,
1220 1607 1441 1702 Burgundio,
1459 1608 1755 1700 Artbesrensrbus,

558 1746 583 1781 n
608 1728 800 1800 eorumque
829 1704 1048 1777 consortibus
1074 1704 1300 1800 praeslandam
1331 1706 1578 1792 tenebuntur,
1613 1709 1754 1802 proviso

560 1841 584 1877 υ
608 1822 749 1889 tamen,
775 1803 871 1897 quod
888 1798 912 1873 li
931 1821 1061 1895 praeter
1081 1798 1193 1874 dictos
1213 1820 1372 1886 exteros,
1393 1803 1499 1896 aliqui
1517 1802 1573 1877 Re
1600 1806 1756 1877 ”militer

559 1937 584 1973 n
610 1898 726 1971 adhuc
752 1897 990 1984 inveniantur,
1014 1901 1077 1992 qui
1090 1898 1248 1991 partibus
1266 1895 1535 1969 Arthesrenfium
1615 1898 1751 1974 consor·

560 2034 584 2069 n
609 1998 695 2068 tium
726 2019 796 2068 non
827 1991 1062 2080 accesserint,
1095 1991 1459 2067 iiexautborabuntur
1483 1996 1752 2071 &dimittentur

559 2130 585 2165 n
610 2094 731 2165 eodem
749 2110 906 2185 tempore
923 2140 934 2175 ,
959 2111 1033 2185 quo
1049 2090 1195 2163 exibunt
1209 2089 1334 2162 exteri:
1360 2088 1398 2161 dt
1415 2092 1575 2164 civitates
1590 2142 1606 2174 ,
1622 2092 1752 2181 castra,

453 2188 456 2199 “
561 2226 585 2261 n
610 2210 714 2281 atque
737 2208 832 2260 arces
851 2188 977 2282 quibus
995 2187 1163 2269 exibunt,
1188 2184 1409 2259 restituentur
1424 2184 1620 2261 Ordinibus
1644 2186 1753 2284 cujus·

561 2324 585 2359 „
611 2308 679 2380 que
696 2281 917 2358 Provinciae:
955 2306 996 2356 ea
1013 2285 1092 2449 Ῑεέιε
1109 2280 1148 2355 dt
1167 2284 1369 2355 conditione
1385 2283 1480 2377 quod
1514 2282 1586 2378 (ut
1603 2283 1765 2361 securius·

562 2420 585 2457 „
612 2401 830 2455 revertantur
858 2380 1011 2462 incolae,
1121 2378 1318 2452 liberiorem
1343 2378 1438 2451 usum
1465 2381 1751 2455 commerciomm

563 2518 586 2552 η
610 2475 749 2550 suorum
773 2478 900 2549 habere
923 2496 1054 2570 queant
1100 2476 1326 2548 remanebunt
1349 2497 1549 2549 exoneratae
1576 2474 1614 2550 &
1635 2478 1752 2551 liberae

562 2614 586 2648 υ
611 2574 656 2646 ab
674 2573 773 2646 omni
790 2574 916 2660 milite,
931 2569 993 2645 nisr
1011 2569 1076 2643 srut
1090 2569 1247 2645 transitus
1266 2571 1575 2669 intrandi,quibos
1591 2594 1670 2646 ante
1688 2577 1751 2646 bos

562 2710 586 2746 n
612 2673 781 2743 tumultus
805 2667 844 2742 dt
861 2672 1002 2765 antiqua
1018 2666 1268 2743 cousuetudine
1292 2666 1453 2762 praesidia
1475 2668 1542 2745 effe
1569 2668 1753 2747 consuere·

562 2808 586 2841 η
612 2788 718 2850 runt,
736 2766 862 2859 quibus
878 2765 1140 2861 providebitur,
1154 2786 1263 2861 prout
1284 2763 1442 2839 inferius.

509 2878 515 2889 ·
612 2912 639 2952 ,,
662 2861 821 2933 CLXXI.
849 2861 1032 2954 Quantum
1056 2863 1101 2935 ad
1118 2860 1599 2959 enafflones,impofitioneo,
1616 2882 1753 2937 taettra·

562 2998 586 3032 υ
611 2980 680 3051 que
712 2958 896 3050 vectigalia
921 2960 1096 3033 &onera
1122 2959 1344 3053 praeseutium
1366 2959 1546 3033 turbarum
1573 2959 1752 3033 occafione

563 3095 586 3129 n
612 3054 770 3139 indudla‚
787 3056 929 3141 attinet,
954 3054 1241 3151 quandoquidem
1255 3056 1388 3129 constat
1401 3058 1563 3144 ditiones,
1573 3055 1752 3130 occasione

563 3192 586 3225 η
612 3148 831 3247 praesentium
857 3150 1038 3223 turbarum
1062 3174 1103 3224 ac
1127 3151 1402 3246 praecedentium
1433 3174 1601 3240 onerum,
1626 3176 1753 3248 magno

562 3286 586 3322 r>
612 3270 682 3320 aere
708 3248 819 3321 alieno
842 3247 1071 3340 praegravari,
1099 3248 1150 3320 ita
1179 3268 1220 3320 ut
1247 3249 1441 3343 periculum
1469 3246 1530 3337 fit,
1559 3272 1602 3324 ue
1628 3247 1756 3323 subditi

561 3384 586 3420 „
611 3342 761 3438 peregre
785 3340 1042 3439 proficiscentes
1067 3345 1318 3428 detineantur,
1347 3343 1385 3417 δι
1411 3363 1644 3418 mercatorum
1659 3369 1753 3419 com·

562 3480 587 3515 n
612 3442 740 3512 mercia
765 3441 1027 3535 impediantur,
1066 3438 1128 3512 nisr
1158 3441 1389 3535 provideatur
1425 3462 1440 3527 3·
1455 3437 1534 3513 Rex
1558 3439 1756 3515 Ordinibus

563 3574 586 3611 n
612 3534 791 3629 permittet
810 3559 854 3607 eo
871 3535 978 3607 modo
1002 3533 1223 3631 prospicere,
1239 3539 1356 3632 quoad
1372 3538 1656 3611 exonerationem
1675 3536 1757 3611 sub-

562 3672 585 3707 „
610 3631 783 3716 ditonum,
806 3630 1026 3717 libertatem,
1053 3633 1091 3707 &
1117 3634 1378 3727 ampliationem
1399 3636 1685 3709 commerciomm
1698 3634 1753 3728 ju·

560 3769 585 3804 n
610 3727 778 3801 dicabunt
794 3726 981 3821 expedire,
1008 3729 1213 3823 approbatis
1239 3730 1400 3802 omnibus
1429 3729 1752 3811 constitutionibus,

561 3864 585 3901 n
609 3823 812 3905 redimam,
841 3818 1065 3918 pensionum,
1081 3822 1120 3896 ἃ
1134 3825 1278 3898 aliamur
1299 3826 1552 3920 obligationum
1571 3817 1610 3899 dt
1627 3825 1753 3901 securi·

560 3960 585 3997 n
609 3939 719 3992 tatum
738 3916 905 3995 haetenus
918 3941 983 4013 per
994 3916 1151 3994 Ordines
1169 3918 1280 3995 sams.

608 4062 636 4107 ,‚
657 4014 838 4089 CLXXII.
862 4014 912 4088 Et
925 4039 970 4089 ne
989 4038 1060 4112 qua
1075 4014 1201 4089 semina
1223 4019 1486 4092 altercationum
1512 4038 1573 4092 aot
1598 4018 1751 4113 querela·

558 4148 584 4186 n
607 4132 684 4182 mrn
703 4116 1086 4209 relinquantur,om1ier
1103 4112 1332 4200 ecclesiastici,
1345 4136 1411 4187 uec
1427 4136 1499 4188 nou
1515 4113 1750 4188 illustriffimue

557 4246 583 4283 n
607 4203 775 4304 Princeps
792 4211 973 4296 Arrot'cru,
989 4207 1118 4305 aliique
1136 4230 1258 4285 omnet
1274 4209 1474 4294 seculares,
1497 4232 1569 4284 tam
1587 4212 1751 4295 irrumet,

556 4340 583 4393 ρ
605 4321 709 4396 quam
728 4303 901 4389 extranei,
925 4305 1184 4401 recuperabunt
1193 4305 1350 4406 pacifice
1361 4310 1477 4381 omnia
1492 4307 1683 4382 immobilia
1691 4304 1751 4381 suo

555 4438 582 4479 ,O

604 4395 700 4477 bona
722 4398 761 4477 dt
786 4396 889 4477 uene
922 4396 1037 4501 llque
1059 4400 1133 4482 five
1162 4404 1204 4482 in·
1228 4404 1457 4516 Btuguudia,
1479 4402 1758 4575 [παπαί-ᾖ,

1611 4548 1640 4601 υ
1735 4536 1755 4553 .
