3984 5167
517 447 633 614 ’564
689 488 801 630 tu.
830 506 902 574 ns:
939 434 1185 582 TASSIS
1237 467 1625 579 commistum

406 694 509 786 1596.
546 687 633 761 Erat
647 684 684 757 in
704 684 846 769 civitate
860 678 1011 781 summus
1026 675 1216 753 Praefefiius
1237 678 1341 752 Comes
1356 682 1393 754 dr
1411 684 1505 756 Zolur
1519 678 1745 768 Germanus,
1898 642 1901 721 4

546 781 768 876 habebatque
791 778 906 852 secum
921 775 1101 871 copiosum
1118 775 1277 858 militem,
1306 776 1390 862 iste,
1404 780 1670 875 quamprimum
1697 782 1748 853 de

446 903 449 911 ·
548 876 725 954 invasione
749 875 917 964 scivisset,
939 875 1079 947 civitate
1097 873 1204 959 exiit,
1220 872 1417 967 Regiosque
1430 877 1577 948 viriliter
1593 873 1744 963 iuvant,

548 967 789 1071 pugnavitque
812 974 895 1058 diu,
917 994 957 1043 ac
978 964 1138 1051 strenus,
1163 965 1314 1055 sedili,
1370 974 1408 1042 ui
1428 971 1581 1044 sciebant
1603 972 1744 1045 nullum
1800 1040 1804 1046 .

547 1074 598 1142 cis
616 1072 660 1143 ad
676 1070 752 1143 suos
767 1068 888 1162 patdte
905 1067 1076 1158 reditum,
1101 1060 1305 1158 necesseque
1331 1091 1349 1139 e
1379 1090 1417 1152 e,
1430 1068 1495 1138 'aut
1512 1067 1755 1150 vinceremus

551 1168 690 1261 perire,
710 1169 757 1237 ita
772 1164 909 1236 fortiter
935 1183 1057 1233 contra
1077 1158 1250 1231 Comitem
1278 1159 1346 1233 sese
1370 1159 1517 1253 gessere,
1544 1183 1584 1232 ut
1601 1164 1742 1235 tandem

491 1338 495 1345 ,
549 1262 656 1334 fuerit
680 1264 818 1336 coasius
835 1262 878 1331 ad
891 1260 1069 1329 civitatem
1084 1254 1233 1336 reverti,
1261 1252 1447 1351 Regiisque
1466 1261 1607 1341 locum,
1628 1281 1741 1354 *quem

551 1379 622 1431 tam
638 1360 783 1431 viriliter
798 1372 1056 1449 occupaverant
1074 1350 1220 1423 liberum
1240 1352 1448 1445 relinquere.
1475 1352 1649 1425 Cecidere
1661 1358 1743 1427 hinc

551 1456 634 1529 inde
652 1456 770 1533 multi,
796 1450 833 1521 δι
847 1472 891 1523 ex
911 1449 1032 1541 Regiis
1049 1444 1279 1541 Dt'ffrlr'ngius,
1299 1448 1356 1519 vir
1375 1445 1496 1529 sortis,
1514 1450 1550 1520 &
1569 1450 1743 1543 egregius.

549 1552 703 1628 Alienus
734 1570 820 1620 vero
847 1567 917 1618 tam
941 1542 1064 1615 saelicis
1084 1540 1253 1615 successus
1280 1562 1427 1637 accepto
1454 1546 1611 1625 nuntio,
1645 1546 1745 1618 illico

547 1646 664 1743 primo
685 1647 861 1728 liborium,
883 1639 925 1713 r&
939 1639 1058 1735 postea
1077 1636 1272 1711 construdio
1291 1660 1399 1733 ponte
1416 1637 1520 1733 super
1539 1642 1661 1711 canale
1680 1641 1746 1713 illo

548 1743 722 1837 parvulo,
746 1741 920 1832 integrum
936 1736 1156 1819 exercitum,
1184 1756 1331 1807 necnon
1354 1752 1528 1807 tormenta
1546 1734 1655 1808 musta
1670 1736 1746 1809 bel·

549 1841 620 1912 lica
645 1860 725 1911 cum
752 1833 814 1908 suo
838 1848 1032 1927 apparatu,
1059 1852 1099 1902 ac
1122 1833 1264 1916 omnia,
1290 1851 1369 1925 quae
1396 1833 1440 1903 ad
1460 1834 1744 1926 oppugnationes

551 1936 738 2007 ulteriores
753 1928 859 2003 essent
873 1925 1057 2002 necessaria
1066 1976 1078 2013 ,
1102 1927 1139 1996 in
1154 1923 1297 1997 insulam
1313 1924 1471 2010 transire,
1496 1950 1539 1999 ac
1560 1925 1742 2001 transferri

489 2040 501 2048 ”
553 2032 698 2103 curavit.
725 2023 804 2121 lpse
821 2046 909 2099 vcro
924 2026 962 2095 in
980 2044 1075 2116 pago
1089 2023 1175 2095 Diui
1191 2021 1316 2094 Nicolai
1325 2072 1336 2105 ,
1364 2044 1468 2116 quem
1486 2042 1616 2095 vocant
1634 2073 1647 2108 ,
1679 2026 1744 2119 qui

551 2124 635 2199 bina
651 2123 797 2195 miliaria
810 2121 854 2193 ab
876 2117 984 2191 insuld
1001 2115 1126 2206 distat,
1155 2140 1235 2190 cum
1257 2118 1335 2191 auli
1353 2116 1412 2191 sust
1430 2121 1467 2193 in
1506 2117 1742 2192 raesentiarum

552 2216 721 2295 consedit.
756 2215 838 2287 Fuit
861 2217 984 2291 civitas
1011 2214 1261 2309 undequaque,
1286 2215 1454 2309 quantum
1472 2140 1549 2287 uptus
1568 2215 1645 2311 eius
1660 2236 1747 2307 per·

553 2316 714 2389 mittebat
729 2309 881 2395 obsessa,
901 2331 1106 2384 nontamen
1127 2312 1196 2399 ita,
1223 2312 1308 2405 quin
1333 2331 1486 2384 maneret
1502 2306 1635 2384 obsesfis
1652 2312 1746 2386 liber

553 2411 745 2498 introitus,
774 2432 815 2481 ac
831 2411 943 2481 exitus
958 2428 1025 2502 per
1042 2408 1218 2497 canalem,
1242 2426 1307 2499 per
1327 2430 1429 2501 quem
1447 2408 1678 2502 navigabatur
1697 2406 1744 2480 ad

553 2528 650 2580 mare
670 2508 721 2580 ibi
733 2505 910 2588 vicinum,
927 2502 965 2575 δι
984 2502 1029 2575 ad
1048 2500 1145 2595 cujus
1162 2503 1290 2576 canalis
1312 2501 1545 2589 securitatem,
1565 2504 1747 2577 habebant

551 2602 655 2699 super
680 2605 827 2677 eundem
854 2601 1160 2695 propugnaculum
1185 2618 1282 2670 extra
1306 2601 1518 2686 civitatem,
1545 2600 1680 2684 milite,
1704 2620 1747 2673 ac

553 2702 737 2773 tormentis
759 2698 893 2771 bellicis
908 2698 999 2771 benc
1015 2696 1209 2780 munitum,
1233 2693 1292 2767 sed
1321 2718 1365 2768 eo
1389 2718 1460 2768 non
1483 2693 1643 2769 obstante
1668 2718 1748 2791 ptr·

554 2795 678 2867 rendre
702 2795 809 2889 Regii
822 2795 868 2866 ad
885 2790 983 2869 suum
1009 2790 1131 2880 finem,
1157 2790 1313 2885 fuitque,
1338 2794 1435 2887 quod
1456 2792 1609 2889 primum
1636 2812 1747 2866 tenta·

555 2909 666 2975 runt,
694 2912 870 2983 occupare
892 2910 937 2961 ex
950 2909 1018 2981 pro
1046 2892 1225 2982 ugnaculis
1237 2890 1371 2980 magnis
1386 2889 1469 2972 illis,
1481 2910 1563 2983 quae
1579 2888 1747 2983 imprimo

558 2984 707 3058 introitu
734 2985 855 3057 insulae
873 2984 990 3056 iuveni
1020 3005 1098 3070 eut,
1122 2984 1228 3070 illud,
1249 2982 1345 3077 quod
1366 2985 1499 3056 civitati
1515 3002 1589 3057 erat
1603 2986 1749 3079 propin-

558 3080 687 3173 quius,
711 3102 785 3173 quo
818 3102 890 3151 uon
913 3078 1035 3152 habito
1066 3101 1138 3152 non
1168 3098 1309 3175 poterat
1332 3079 1440 3155 libere
1467 3080 1588 3152 invadi
1613 3082 1747 3155 civitas.

476 3213 479 3224 ·
559 3174 800 3270 Quamobrem
824 3176 1003 3251 collocatis
1020 3176 1102 3249 loco
1119 3196 1323 3271 opportuno
1337 3178 1520 3250 tormentis
1537 3176 1691 3264 bellicis,
1706 3196 1751 3250 ut

562 3294 783 3368 quateretur,
799 3269 1114 3367 occupataque-via
1131 3271 1202 3367 qud
1220 3292 1263 3343 ex
1278 3272 1337 3346 illa
1351 3272 1467 3346 ibatur
1487 3274 1531 3345 ad
1549 3275 1722 3347 civitatem
1735 3322 1752 3357 ‚

562 3368 704 3443 tandem
726 3390 769 3441 eo
784 3370 936 3464 coligdre
947 3365 1142 3455 defensores
1157 3386 1197 3439 ut
1216 3366 1249 3441 se
1265 3368 1479 3456 dediderint,
1495 3365 1535 3441 dt
1554 3369 1679 3444 exinde
1691 3392 1754 3465 per

565 3464 748 3539 cuniculos
771 3465 905 3537 civitati
929 3464 1284 3560 appropinquantes,
1316 3465 1360 3538 ad
1391 3464 1587 3538 Rebelliuum
1612 3518 1622 3553 ,
1656 3466 1753 3563 quod

348 3558 379 3632 ⁶,
445 3644 458 3656 ,
566 3577 643 3633 crat
658 3580 737 3632 ante
748 3579 895 3727 portam
910 3559 1076 3654 piscinam
1092 3580 1257 3643 ventum,
1274 3561 1335 3633 nbi
1349 3582 1411 3655 per
1426 3564 1556 3636 multos
1571 3562 1768 3651 dies,hinc¹
1813 3652 1816 3657 ,

564 3658 647 3732 inde
669 3657 747 3728 occi
760 3678 789 3727 rs
817 3656 1099 3767 quamplurimis,
1122 3653 1261 3729 sortiter
1274 3676 1464 3751 pugnatum
1482 3658 1541 3731 est.
1575 3658 1650 3751 Jam
1670 3678 1756 3731 tunc

566 3772 614 3827 ex
638 3752 733 3825 dicto
761 3752 886 3826 nicolas
917 3770 1031 3844 pago,
1058 3751 1102 3822 a'd
1126 3753 1350 3826 munitionem
1374 3773 1497 3844 unam,
1524 3776 1627 3850 quam
1648 3752 1769 3849 Regu<

566 3846 799 3922 construdiam
825 3864 1027 3935 tenuerant,
1052 3866 1132 3920 aute
1154 3846 1348 3934 assedium,
1372 3850 1408 3921 in
1433 3852 1555 3924 littore
1582 3852 1750 4041 prbprio,

565 3964 675 4022 vento
696 3942 855 4030 Asbertu,
890 3943 951 4036 qui
972 3944 1114 4015 tandem
1141 3964 1181 4018 ut
1208 3946 1330 4017 civitas
1353 3943 1532 4021 invasione
1573 3946 1626 4113 {a
1652 3950 1748 4017 ulrum

566 4044 675 4136 vulgo
690 4044 845 4128 vocant)
865 4040 1087 4113 invaderetur
1099 4042 1266 4115 decreuit.
1292 4040 1459 4115 Habebat
1475 4064 1556 4117 ante
1590 4068 1609 4115 e
1624 4040 1754 4112 vallum

567 4135 739 4219 civitatis,
749 4134 871 4212 fossam
894 4135 985 4232 aqud
1000 4138 1152 4231 plenam,
1161 4137 1343 4210 latitudine
1358 4137 1581 4234 quadraginta
1595 4135 1751 4231 pedum,

565 4248 630 4323 per
653 4254 759 4326 quam
782 4251 854 4309 crat
877 4228 1013 4307 necesse
1025 4283 1037 4319 ‚
1063 4252 1143 4306 ante
1164 4234 1378 4309 invasionem
1407 4234 1556 4309 construi
1584 4236 1646 4309 via
1676 4228 1756 4305 satis

562 4328 663 4421 Μ,
685 4348 751 4423 Per
764 4348 867 4425 qnam
883 4326 1022 4427 possent
1035 4329 1212 4412 invasores
1229 4330 1434 4431 srctopede
1450 4354 1588 4413 murum
1601 4328 1755 4501 civitas
1789 4388 1790 4391 γ

1662 4446 1683 4500 a
1746 4462 1760 4482 ι
