3984 5167
384 496 677 590 Ltuuu
736 474 1231 591 ocuavu'u
1354 528 1431 621 541

242 693 400 782 veniret,
423 692 467 765 ad
486 694 683 787 exemplum
703 688 797 764 dotti
813 687 970 775 Medici,
995 689 1058 782 qui
1072 690 1179 763 vitatu
1196 694 1324 767 etiamsi
1341 720 1434 779 tuor·
1477 724 1583 799 1593:

237 794 303 863 tali
332 790 457 864 morbo
486 786 670 870 affectam,
702 786 916 881 opportunis
953 785 1068 858 studet
1095 791 1300 880 protrahere
1324 818 1432 870 reme·

238 889 328 973 diis,
351 886 534 981 scriptum,
561 886 661 977 quale
677 883 832 977 sequitur
849 882 1000 955 construi
1021 885 1179 967 curavit,
1203 884 1303 975 cuius
1318 912 1430 963 exem

113 1030 115 1037 ·
236 982 313 1075 plar
331 984 503 1075 originale
534 978 788 1074 subfignatum,
815 974 991 1052 &debitis
1010 983 1182 1053 munitum
1197 976 1337 1075 figillis,
1363 983 1429 1058 Le·

234 1080 309 1173 goti
325 1078 491 1151 custodiae
508 1074 574 1149 fuit
590 1077 767 1149 traditum.
1468 1122 1474 1129 ·

234 1222 238 1229 -
284 1214 308 1249 n
333 1172 432 1247 XVl.
458 1172 551 1243 Cum
574 1175 621 1245 ob
653 1174 821 1265 plurimas
852 1168 992 1241 maximi
1026 1174 1195 1245 momenti
1229 1171 1346 1247 caulae
1380 1176 1430 1249 vi·
1461 1188 1561 1251 Teum.

234 1308 258 1346 n
283 1269 357 1341 sum
383 1266 490 1343 luerit
517 1288 587 1339 non
617 1268 782 1361 expedite
818 1267 854 1339 iu
884 1260 1034 1359 praesens
1064 1269 1216 1360 aliquam
1250 1268 1428 1349 Catholici
1452 1265 1590 1363 suuntur*

234 1404 259 1442 n
284 1362 400 1459 Regni
427 1362 668 1437 Monachum
694 1361 925 1445 constituere,
943 1358 1002 1433 led
1026 1384 1100 1435 eum
1122 1366 1159 1435 iu
1176 1365 1270 1439 aliud
1287 1388 1428 1461 ,tempus
1456 1348 1547 1407 natm

233 1500 257 1539 n
282 1460 391 1554 magis
411 1460 577 1535 idoneum
594 1457 757 1546 differre,
783 1455 822 1531 ἃ
848 1476 962 1532 tamen
989 1453 1210 1532 neceffarium
1241 1463 1426 1554 videatur,
1455 1440 1606 1561 mu,

233 1596 258 1639 υ
282 1558 446 1631 unionem
463 1553 683 1629 Catholicam
698 1576 742 1627 ex
758 1555 913 1649 generali
926 1550 1193 1630 Catholicorum
1210 1558 1425 1634 confoedera·
1458 1581 1546 1641 nerra.

231 1690 257 1729 n
282 1652 400 1737 tione,
434 1653 571 1745 aliquot
601 1653 728 1727 abhinc
752 1652 850 1723 annis
872 1646 1120 1743 compofitam,
1151 1652 1280 1747 cuique
1310 1658 1429 1749 postea

232 1790 255 1826 ι,
280 1746 423 1842 praefuit
441 1750 526 1827 Dux
544 1749 735 1857 Mapoura,
761 1744 905 1835 sartam,
931 1742 1128 1841 teclamque
1154 1746 1220 1842 (ut
1233 1751 1358 1846 aiunt)
1387 1778 1429 1827 ac

130 1846 134 1853 '
232 1886 256 1921 η
281 1844 325 1920 ab
348 1844 442 1918 omni
458 1842 583 1937 injuriat
599 1846 786 1931 buteram,
813 1844 1054 1937 integramque
1072 1842 1225 1929 servari,
1243 1848 1428 1943 primoque

229 1978 257 2017 η
282 1941 354 2035 ejus
369 1938 529 2013 instituto
544 1938 695 2026 haerere,
710 1938 925 2033 impediendi
940 1939 1101 2013 nimitum
1120 1942 1218 2015 omni
1235 1945 1367 2029 studio,
1385 1970 1428 2019 ac

230 2076 254 2114 n
280 2035 382 2124 cura,
407 2037 620 2121 Catholicae,
636 2030 1273 2132 Apostolicae,Romanae‘Religionis
1292 2041 1428 2116 inGal·

229 2172 254 2210 n
279 2132 546 2220 numenium,
571 2135 793 2227 eamdemque
802 2132 939 2220 tuendi,
961 2131 1210 2221 conservandi,
1235 2158 1276 2211 ac
1298 2136 1424 2213 instau-

229 2268 253 2307 η
278 2228 399 2317 randi,
422 2227 561 2323 seseque
584 2232 790 2324 opponendi
814 2231 995 2317 omnibus,
1023 2253 1064 2302 ac
1088 2231 1257 2325 quibusve
1285 2234 1426 2308 haereu-

230 2366 255 2402 n
280 2327 351 2409 cis,
377 2346 569 2434 eorumque
593 2326 815 2405 fautoribus,
839 2321 1052 2434 hatelesque
1072 2347 1142 2419 pto
1165 2328 1300 2433 yiribus
1322 2330 1427 2411 extit·
1469 2411 1474 2427 .

230 2416 1426 2614 :5ulit,llzlullulullutlliuttlulluznt}

228 2652 255 2690 ‚2
280 2613 457 2695 Annaliae,
480 2613 518 2687 δι
535 2612 584 2685 del
600 2610 715 2706 Buff,
740 2608 1035 2703 Archiepiscopus
1057 2610 1113 2700 Lu
1139 2612 1247 2697 duni,
1274 2612 1424 2689 Domini

229 2748 258 2786 u,
289 2709 423 2779 Choma
451 2708 523 2803 (t)
556 2708 693 2791 Rhoan,
728 2729 770 2780 tc
804 2706 912 2781 Sanllt'
930 2708 1029 2779 Pauli
1065 2635 1160 2801 (ας.
1194 2706 1425 2785 Mareschalci

230 2846 255 2881 η
282 2804 435 2883 Galliae,
460 2806 598 2897 unique
613 2802 791 2887 mnium,
807 2803 1041 2886 trutannus,
1067 2823 1134 2896 pro
1148 2800 1307 2877 Domino
1321 2803 1424 2881 Duce

171 2939 175 2943 ·
228 2942 254 2978 n
278 2900 456 2991 Marcum,
480 2901 633 2994 juramus
650 2896 754 2994 super
773 2896 896 2971 Saniia
914 2896 1107 2992 Evangelia
1127 2920 1246 2974 coram
1264 2900 1427 2977 Domino·

229 3036 253 3075 η
278 2995 434 3091 Legato,
460 2993 497 3068 δι
515 2995 720 3090 pollicemur
742 2992 810 3068 fide
830 2992 1056 3086 Principum,
1075 3017 1116 3067 ac
1131 2994 1336 3081 Nobilium,
1357 3020 1426 3074 nos

227 3135 253 3172 n
277 3090 449 3167 inviolate
472 3089 746 3179 observaturos,
779 3085 1048 3185 defensurosque
1071 3088 1335 3167 catholicorum
1357 3091 1422 3167 foe·

225 3232 252 3269 n
277 3188 364 3275 dut,
390 3188 595 3282 omniaque,
623 3184 661 3261 δι
684 3186 837 3283 singula,
860 3208 940 3354 quae
959 3189 994 3260 in
1013 3188 1317 3274 eocoutiuentur,
1344 3186 1421 3263 noli·

167 3312 170 3315 ·
227 3325 253 3363 n
278 3286 408 3378 quein
436 3287 497 3358 illo
523 3282 652 3357 foedere
670 3308 724 3359 ac
748 3305 866 3379 propo
879 3304 931 3356 tto
953 3282 1190 3377 permansuros
1216 3287 1255 3357 in
1286 3282 1421 3371 fidem,

228 3422 254 3460 η
278 3402 382 3474 quam
400 3378 564 3454 haetenus
578 3380 680 3455 nobis
696 3380 903 3476 sequendam
916 3374 1176 3472 proposuimus,
1184 3401 1250 3453 nec
1264 3398 1421 3473 unquam

226 3522 256 3567 „
276 3475 322 3549 ab
340 3496 384 3547 eo
404 3478 509 3548 ullam
522 3475 570 3549 ob
596 3476 733 3549 causant
744 3525 758 3563 ,
781 3494 860 3639 quaa
886 3474 1096 3547 intervenire
1119 3494 1244 3569 queat,
1264 3472 1421 3552 discellu·

227 3612 252 3651 ‚‚
276 3593 360 3654 rou,
384 3592 448 3643 nec
476 3571 686 3664 generatim,
711 3590 772 3643 aut
804 3566 969 3661 peciatim
1000 3564 1092 3664 Regi
1122 3572 1284 3645 Navarra
1305 3568 1421 3647 fautu·
1480 3577 1483 3583 '

227 3706 251 3746 ‚‚
274 3686 355 3751 ros,
378 3686 569 3760 pacemque
593 3690 673 3741 cum
694 3668 758 3739 illo
779 3665 943 3747 inituros,
968 3666 1220 3758 quantamlibet
1241 3666 1420 3746 Catholici
1563 3697 1566 3701 ⁴

222 3802 253 3842 ..⁹
277 3760 298 3834 s
319 3760 427 3835 eciem
446 3782 522 3855 prae
540 3758 573 3835 se
589 3760 676 3837 ferat
688 3814 701 3850 ,
719 3761 806 3857 quin
831 3762 936 3834 etiam
957 3763 1018 3833 ubi
1042 3764 1198 3849 venerit,
1224 3763 1421 3857 coieritque

221 3900 252 3939 a»
277 3784 470 3933 &atholicae
490 3854 679 3950 Maiestatis
703 3858 896 3943 exercitus,
923 3878 1052 3929 novem
1066 3858 1213 3930 millium
1235 3858 1418 3953 peditum,
1476 3929 1487 3954 ‚

223 3998 251 4037 n
276 3955 432 4051 equitum
455 3952 551 4027 mille
586 3956 884 4052 quittgentorum,
907 3950 1080 4047 limulque
1098 3976 1161 4043 eu,
1181 3976 1262 4048 quae
1277 3948 1421 4034 fuerunt

224 4090 228 4114 t
752 4099 756 4109 ·
1224 4100 1227 4107 ·
1313 4092 1341 4127 υ
1362 4072 1422 4125 sse·

191 4120 197 4127 ’
221 4200 228 4209 ·
262 4128 337 4352 '513
357 4186 413 4281 ne
433 4183 465 4249 ra
483 4180 626 4250 chame
652 4136 699 4279 u
717 4182 762 4249 ue
784 4128 1096 4278 nou-namara(
1176 4262 1182 4275 g
1391 4261 1398 4276 ,

218 4265 737 4441 ΙμοιΗγειῖιὶιῖῑρῐὶέιιιῐδδεὲιάαὲιιὲε.
749 4264 888 4509 sortus.
909 4266 953 4333 V.
974 4264 1118 4421 Mutmb.
1136 4260 1224 4335 Htst.
1245 4263 1291 4436 tle
1310 4261 1421 4335 uta·

216 4500 225 4529 ·.
290 4476 293 4481 ·
449 4444 453 4449 '
869 4455 975 4530 rra
