3984 5167
472 500 481 507 -
521 439 603 529 160
660 437 699 545 J.·'
723 434 772 526 B.
800 424 1173 545 nr'rassls'
1197 428 1593 532 COMMENT.

366 649 470 725 1572,
519 614 707 689 maximum
726 615 987 691 incommodum
1006 618 1141 689 Aaraiti
1157 616 1259 689 rebus
1282 616 1409 689 attulit.
1460 614 1632 689 Praeterea
1650 632 1727 687 tarn

416 726 445 735 ··
522 710 723 807 opportune
750 712 909 785 omnibus
936 712 973 783 in
999 712 1087 784 lotia
1112 710 1285 805 dispofitae
1303 732 1402 785 erant
1430 711 1574 805 reliquae
1597 706 1726 805 Regiae

524 811 656 903 copiae,
681 829 721 882 ut
744 811 840 881 nullo
867 806 975 882 ruodo
1000 807 1187 903 quidquam
1211 809 1368 903 potuerit
1392 808 1547 901 exequi,
1579 805 1722 901 fuitque

523 904 650 999 procul
672 905 779 977 dubio
796 905 920 977 Albano
935 902 1010 975 diet¹
1034 904 1092 975 ille
1107 904 1294 977 admodum
1311 900 1475 986 illustris3
1510 902 1601 976 vidit
1627 904 1721 975 enim·

526 1002 715 1074 exercitum
736 1001 855 1073 decern
887 1000 1031 1072 millium
1056 1001 1230 1093 equiturn,
1258 1002 1416 1093 peditum
1442 998 1587 1086 decern,
1614 999 1652 1073 δι
1673 998 1724 1072 se-

525 1118 608 1169 num
625 1098 794 1182 millium,
832 1097 920 1167 nihil
944 1118 1015 1167 non
1036 1148 1046 1180 ,
1080 1098 1175 1189 quod
1200 1099 1295 1169 viros
1320 1096 1430 1170 sortes
1455 1096 1596 1167 deceret
1620 1097 1725 1169 armis

526 1185 736 1266 tentantem:
763 1189 901 1264 hostem
917 1184 986 1263 alia
1010 1214 1053 1263 ex
1083 1208 1181 1285 parte
1206 1194 1349 1281 civitate
1371 1189 1510 1263 sortiter
1538 1212 1726 1284 erumpen-

525 1310 617 1374 tem,
650 1287 788 1382 seseque
812 1290 944 1360 interea
968 1286 1155 1360 hincinde
1179 1286 1351 1361 fulmineis
1367 1286 1724 1360 bombardarumidti·

389 1433 392 1435 v
525 1384 590 1459 bus
615 1386 635 1423 ¹*
659 1384 733 1480 ipse
746 1405 859 1458 tamen
880 1385 1019 1477 utrique
1037 1382 1213 1455 forriffinre
1233 1383 1375 1469 restitit,
1402 1380 1587 1482 murosque
1603 1384 1726 1459 civita·

526 1482 571 1553 tis
595 1480 722 1553 affidue
746 1484 882 1575 magis,
916 1502 1021 1574 quam
1048 1500 1147 1551 antea
1171 1482 1269 1572 quati
1290 1478 1407 1574 Jussit,
1439 1480 1552 1552 donec
1581 1482 1728 1553 tandenr

525 1581 636 1649 altero
659 1580 749 1649 intra
772 1576 899 1649 moenia
921 1572 1123 1667 compulso,
1150 1577 1295 1647 alterurn
1312 1600 1350 1648 re
1374 1572 1724 1649 infeoacederecoe-

519 1676 598 1767 git,
623 1675 671 1747 ita
694 1695 734 1743 ut
758 1670 845 1745 nihil
868 1670 1033 1754 ulterius,
1059 1669 1163 1765 quam
1185 1673 1241 1743 de·
1256 1673 1368 1745 reditu
1394 1673 1576 1767 cogitaret.
1626 1673 1725 1747 Con·

526 1770 616 1843 sedit
637 1770 739 1841 node
763 1769 823 1839 illa
846 1768 1005 1839 Aaraicas
1039 1767 1074 1839 in
1108 1764 1206 1862 Pago
1229 1763 1361 1856 Bossu,
1408 1789 1512 1863 atque
1537 1768 1646 1841 altera
1671 1770 1728 1845 die

529 1917 682 1938 .....
717 1863 778 1959 qui
802 1863 851 1935 est
878 1861 995 1955 Pagus
1028 1862 1063 1933 in
1089 1864 1147 1934 via
1181 1862 1329 1939 Binchia
1364 1868 1557 1939 exercitum
1584 1866 1726 1954 duxit,

528 1962 592 2034 ubi
616 1984 694 2033 eum
718 1961 861 2031 Albanus
894 1980 957 2051 pet
990 1959 1126 2029 nostem
1149 1957 1256 2032 Duce
1289 1960 1426 2055 Juliano
1450 1960 1726 2035 RomertSiculae

528 2057 677 2153 legionis
696 2052 870 2128 Praefetto
887 2057 966 2125 viro
982 2054 1182 2136 fortissimo,
1204 2076 1284 2129 cum
1304 2054 1395 2129 binis
1408 2055 1564 2145 millibus,
1576 2054 1728 2153 Hispan·

529 2174 657 2227 norum
682 2147 821 2224 indusris
848 2149 948 2244 supra
973 2172 1065 2222 arma
1088 2148 1209 2245 posuis
1245 2150 1379 2246 (quod
1429 2174 1514 2225 enus
1538 2154 1727 2227 invadendi

530 2246 681 2342 Hispani
704 2244 902 2339 Carnisrrdanr
914 2245 1072 2341 vocant)
1098 2244 1280 2341 inopinate
1304 2270 1385 2341 egre
1414 2272 1467 2330 ut,
1483 2248 1610 2341 tanti'f
1635 2248 1726 2323 hosti

531 2364 699 2418 terrorem
727 2340 889 2429 incuffit,
924 2360 964 2415 ut
992 2344 1044 2416 nil
1073 2344 1198 2416 exinde
1222 2346 1266 2417 de
1290 2340 1509 2438 professione
1532 2343 1723 2433 remiserit,

529 2440 630 2537 qudd
655 2442 675 2533 1
701 2437 932 2513 Mechliniam
955 2440 1169 2533 attingeret,
1194 2437 1255 2511 ubi
1281 2438 1496 2525 amicissime,
1522 2438 1726 2536 summoque

529 2538 659 2635 populi
681 2532 850 2631 applausu
874 2557 1044 2635 exceptor
1070 2536 1139 2622 est3
1182 2533 1314 2609 obseiiis
1333 2558 1471 2609 omnem
1494 2534 1609 2635 salatia
1631 2536 1727 2633 spem

531 2632 723 2719 auferent,
761 2631 859 2725 quod
883 2631 935 2705 iili
958 2654 1038 2707 curu
1062 2628 1254 2716 vidissent,
1287 2634 1453 2707 continuo
1478 2630 1522 2705 de
1547 2634 1727 2710 deditione

389 2764 393 2770 ·
531 2731 688 2824 cogitare
700 2777 713 2815 ,
736 2737 843 2823 atque
868 2751 978 2823 agere·
996 2728 1176 2822 coepere,a
1200 2751 1268 2823 qua
1293 2751 1371 2803 cum
1383 2730 1541 2802 Albanum
1565 2732 1728 2805 noualie·

531 2847 614 2899 num
637 2823 836 2905 invenirent
860 2822 1028 2917 (volebat
1052 2825 1142 2896 enirn
1166 2828 1355 2919 prudenter
1378 2846 1524 2922 quoquo
1549 2828 1655 2899 rnodo
1680 2828 1728 2902 ti·'

530 2921 641 2993 vitate
666 2920 739 2994 titd
763 2920 898 3014 potiri,
921 2920 1153 3016 utreliquam
1179 2920 1301 2996 estatis
1325 2942 1461 3017 partem
1486 2924 1561 2994 aliis
1585 2923 1689 2996 rebus
1712 2975 1724 3012 ,

533 3038 616 3111 quae
638 3018 777 3100 multe,
802 3014 840 3089 &
864 3014 1071 3092 difficillime
1095 3016 1212 3090 adhuc
1234 3015 1461 3115 supererant,
1498 3016 1725 3115 conficiendis,

532 3109 720 3197 insumert)
745 3110 846 3185 brevi
870 3114 1103 3206 peridoneus
1127 3112 1210 3187 hinc
1234 3117 1315 3188 inde
1339 3116 1499 3190 homines
1524 3136 1577 3189 tet
1604 3140 1647 3190 eo
1669 3118 1728 3191 de⁴¹

532 3206 637 3285 dosia
661 3210 728 3298 est,
769 3229 811 3283 ut
835 3208 957 3282 civitat
969 3211 1096 3283 Albano
1120 3212 1342 3296 redderetur,
1368 3210 1500 3284 civibus
1526 3214 1576 3284 nil
1593 3213 1728 3308 indigni

451 3346 464 3363 ·
532 3306 726 3393 accideret,
753 3302 853 3377 Galli
876 3303 920 3377 ad
943 3304 1023 3379 suos
1037 3306 1183 3394 limites,
1210 3308 1246 3381 ὅ(
1262 3308 1440 3380 Ludour'rus
1457 3330 1535 3381 eum
1553 3306 1621 3383 suis
1637 3312 1729 3383 ultra

531 3400 691 3485 Mosam,
715 3400 835 3475 secure
855 3401 1057 3488 duceretur:
1083 3404 1120 3474 in
1144 3425 1215 3497 quo
1239 3406 1376 3500 egregie
1399 3401 1486 3477 fides
1511 3401 1655 3482 servata
1724 3416 1728 3423 “

582 3496 695 3573 XLII.
724 3494 817 3571 Dum
842 3497 920 3571 haec
942 3502 1037 3571 circa
1061 3499 1241 3572 Montium
1260 3520 1451 3595 geruntur,
1474 3500 1583 3575 nostis
1600 3502 1731 3577 mariti·

533 3598 598 3676 mis
622 3594 795 3668 Flandriae
819 3592 1035 3667 Comitatutu
1060 3596 1318 3671 excursionibua
1340 3599 1435 3671 haud
1466 3596 1569 3673 seur'el
1604 3602 1730 3674 vexare'

534 3692 701 3770 tentavit:
727 3715 768 3765 ac
791 3689 930 3762 tandem
955 3689 1108 3764 colledir
1125 3693 1160 3765 in
1179 3692 1319 3768 Valeria
1341 3692 1420 3769 satir
1444 3696 1728 3793 magnit'copiie,

534 3792 672 3882 trajecit
692 3788 730 3862 in
754 3785 904 3860 Insulam
923 3787 1034 3882 vulgo
1059 3788 1183 3862 dietam
1211 3788 1360 3885 Tergoes,
1407 3810 1486 3887 quae
1504 3792 1584 3865 satis
1607 3815 1732 3887 magna

534 3885 600 3972 est,
608 3886 752 3981 agrique
766 3882 904 3971 fertilia,
939 3880 1097 3978 artesque
1114 3884 1730 3985 sequebatur-regias,civitatemque

533 3984 572 4058 in
595 3980 638 4061 ea
660 3984 818 4076 primam,
828 3978 904 4076 ejus
921 3985 1209 4076 emquenominis
1234 3980 1413 4058 obfidione
1432 3984 1553 4073 tinxit,
1565 3989 1728 4081 omnique

535 4079 596 4170 vi,
611 4100 652 4152 ac
674 4079 743 4174 qua
765 4079 884 4173 potuit
902 4077 988 4155 cura
1002 4100 1209 4189 oppugnare
1226 4080 1345 4181 coepit.
1372 4080 1460 4157 Erat
1477 4080 1727 4195 Praefediusre·

424 4198 428 4205 ·
660 4211 664 4217 ·
1146 4232 1155 4247 .
1208 4202 1238 4245 x
1342 4223 1344 4231 ι
1452 4226 1454 4233 ,
1653 4198 1729 4278 grus

575 4281 738 4371 trapa:
762 4290 846 4376 peti.
929 4289 1069 4376 Mage:
1090 4301 1237 4365 tantum.
1320 4290 1393 4376 ,ild
1407 4278 1607 4379 ern-donec.
1676 4300 1689 4333 -’
