3984 5167
260 585 267 607 x
386 556 681 651 tinnit
739 514 1430 684 QU1NTUSs1385

240 770 418 847 numquam
433 750 631 827 satisfacere
651 750 837 827 voluissent
852 777 860 826 ε
884 754 977 827 unde
993 752 1088 827 haud
1106 750 1248 827 dubium
1263 776 1337 829 erat
1355 760 1428 831 col·
1476 777 1580 856 1579.
1679 738 1685 752 ³

237 852 358 947 ligere,
381 849 426 925 ad
449 851 649 935 evitandam
668 848 894 944 Imperatoria
920 849 1095 945 totiusque
1113 848 1255 944 Imperii
1274 854 1426 929 milevo

235 945 392 1036 lentiam,
417 946 651 1041 potiusquam
669 942 713 1019 ad
731 968 854 1040 pacem
872 968 993 1020 revera
1007 944 1286 1035 conficiendam,
1301 949 1426 1023 trabla-

236 1042 359 1117 tionem
376 1038 503 1131 iniisse,
529 1064 638 1137 eaque
676 1041 758 1136 spe,
784 1064 825 1115 ut
842 1043 948 1117 variis
972 1042 1184 1141 argumentis
1209 1060 1287 1117 toto
1302 1048 1426 1117 tratta-

234 1138 333 1212 tionia
351 1160 512 1235 ternpore
527 1138 656 1225 caute,
689 1136 818 1211 etiamsi
839 1140 1017 1214 humiliter
1040 1135 1227 1237 propositis
1246 1188 1258 1224 ,
1291 1136 1426 1233 possent

232 1230 293 1404 {pb
321 1232 426 1309 finem
450 1237 549 1347 pacis
576 1256 649 1307 non
672 1231 863 1325 conicetae,
887 1236 1028 1333 culpam
1054 1234 1149 1334 apud
1169 1236 1367 1331 complures
1390 1240 1428 1313 in

268 1354 286 1406 e
311 1352 365 1403 em
381 1354 449 1407 con
463 1352 564 1406 icere.
903 1364 912 1373 ·

280 1352 409 1500 giiii.
486 1424 545 1500 'sti
569 1422 713 1501 Caesaris
727 1422 956 1501 Commislaril
982 1428 1123 1502 tandem
1158 1427 1267 1501 taedio
1291 1426 1426 1520 affacis,

233 1521 415 1619 postquam
437 1524 492 1597 bie
510 1524 696 1597 terminum
712 1522 894 1596 limitatum
924 1519 1138 1617 responsioni
1159 1522 1289 1618 absque
1310 1524 1427 1600 sruslu

233 1616 503 1703 constituissent,
530 1618 669 1694 tandem
681 1618 760 1714 pust
782 1620 885 1691 trium
904 1616 1070 1693 mensium
1087 1642 1219 1694 moram
1230 1620 1428 1697 tractationi

233 1712 336 1787 linem
354 1716 399 1787 im
428 1713 547 1789 osusre
566 1768 576 1800 ,
602 1713 817 1809 ditioresque
835 1713 910 1787 suas
929 1714 1050 1789 versus
1075 1714 1201 1790 reversi
1219 1712 1308 1788 sunt.
1360 1716 1428 1793 Uti

230 1808 332 1882 etiam
355 1738 497 1885 disgessit
522 1814 626 1883 serre
648 1814 748 1883 Nooae
774 1810 875 1899 Dux,
909 1810 1035 1884 delusss
1061 1808 1262 1885 universum
1283 1832 1347 1907 per
1371 1835 1428 1887 or·

154 1911 158 1925 '
229 1904 309 1977 beni
331 1907 514 1992 omnibus,
540 1916 653 2002 quiex
666 1912 731 1979 hac
749 1908 953 1981 traslatione
969 1909 1055 1981 boni
1078 1909 1209 2004 aliquid
1224 1907 1425 2004 sperabant,

225 2024 297 2075 non
330 2024 444 2076 tamen
466 2002 536 2077 fine
557 2000 677 2098 insigni
695 2005 825 2075 Attaioi
849 2006 1106 2091 emolumento,
1125 2024 1277 2099 utpote,
1300 2005 1360 2098 qui
1379 2030 1427 2080 ex

226 2097 337 2193 hujus
352 2100 564 2173 trusbutIonis
579 2096 718 2171 defeslu
731 2099 786 2185 ,in
802 2095 956 2193 Regem,
980 2102 1140 2197 quamvis
1157 2102 1261 2187 saled,
1271 2105 1426 2198 conjecta
1491 2174 1499 2187 ,
1579 2180 1584 2203 ‚

225 2198 356 2289 culpa,
374 2196 445 2269 ndu
462 2218 584 2291 parurn
606 2195 756 2268 occultis
775 2193 842 2267 suis
867 2198 1123 2285 intentionibus·
1136 2195 1372 2286 firmitudinis,
1385 2220 1428 2271 ac

227 2288 373 2364 roboris
392 2294 542 2365 addidit:
570 2294 667 2362 nullo
693 2291 781 2364 verb
806 2293 875 2363 alio
900 2292 1011 2387 Regis
1039 2292 1176 2378 fructu,
1202 2314 1306 2386 quani
1330 2295 1430 2390 quod

228 2387 511 2484 Sylvaeduceusis
534 2388 684 2472 civitas,
722 2386 877 2479 paternis
903 2390 1037 2481 piisque
1066 2387 1120 2461 Re
1146 2391 1174 2459 ia
1201 2389 1428 2483 indulgentiis
1511 2447 1514 2454 .

228 2504 440 2569 commota,
476 2504 519 2556 eit
544 2504 588 2555 eo
611 2500 768 2573 tempore
797 2482 815 2554 a
842 2483 1001 2576 partibus
1027 2482 1095 2558 suis
1119 2414 1208 2555 ἥατο
1236 2484 1429 2559 constituit.

230 2582 352 2655 Fuere
371 2580 473 2652 etiam
496 2602 540 2652 ert
559 2577 701 2672 [agatis
714 2576 889 2648 Ordinum
909 2581 1070 2671 quidam,
1099 2580 1160 2673 qui
1176 2600 1219 2649 ex
1242 2580 1344 2673 hujus
1362 2599 1429 2652 tra-

231 2664 398 2749 ctationis
415 2672 585 2755 successu,
610 2696 680 2745 tion
701 2692 824 2767 parum
840 2669 921 2758 sibi,
937 2673 1071 2769 suisque
1087 2674 1191 2747 rebus
1205 2679 1430 2749 commodum

228 2770 426 2871 prudenter
443 2788 699 2865 compararunt.
724 2766 879 2841 Abbates
895 2769 986 2843 enim
995 2771 1092 2845 Diooe
1103 2770 1248 2843 Geiruioe
1258 2767 1428 2861 Lovanii,

232 2892 279 2941 ac
309 2864 524 2957 Maroleiifis,
550 2888 699 2961 quorum
728 2863 889 2937 AbbatIae
913 2866 948 2936 iti
974 2863 1086 2960 Regia
1108 2886 1207 2937 erant
1231 2866 1428 2960 potestate,

230 2962 441 3061 persuadere
459 2960 518 3033 sbi
531 2961 638 3035 sivdre
653 2960 905 3033 bserraeuooano
920 2960 1122 3046 acFuncli'o,
1134 2962 1247 3055 utjam
1264 2966 1429 3061 deinceps

228 3064 337 3135 etlam
356 3057 484 3155 Regias
503 3081 618 3153 partes
638 3055 880 3151 sequerentur,
905 3060 952 3131 nb
969 3060 1067 3153 quod
1084 3080 1154 3129 non
1174 3056 1429 3141 solium,Abba-

227 3160 294 3231 tiae
312 3158 413 3229 dislae
434 3156 484 3230 eis
506 3154 656 3228 testituae
667 3205 678 3241 ,
697 3150 755 3227 sed
775 3154 917 3229 &inter
935 3178 1052 3229 rerum
1066 3153 1181 3228 Status
1207 3154 1430 3234 Consiliarios

228 3276 344 3347 aggre
371 3255 419 3323 ati
440 3251 528 3325 sunt.

284 3348 352 3421 CL
390 3348 433 3419 ΙΙ.
478 3348 565 3422 Dux
595 3367 764 3442 ptaeterea
794 3346 1036 3442 Arsthitaniis,
1079 3346 1179 3441 cujus
1209 3344 1283 3419 fere
1312 3350 1430 3423 omnia

227 3444 358 3529 bona,
384 3448 487 3517 etiam
517 3449 586 3539 jam
623 3465 708 3517 tunc
735 3446 967 3519 reconciliatis
1001 3465 1079 3513 curn
1106 3440 1206 3537 Rege
1240 3442 1428 3531 Arthesis,

229 3562 428 3632 eorumque
446 3539 567 3625 suciis,
593 3540 630 3613 in
650 3542 763 3633 RegIa
778 3562 874 3613 erant
890 3536 1087 3633 potestate,
1112 3539 1149 3613 δι
1167 3536 1240 3634 lpse
1256 3562 1336 3613 cum
1353 3540 1430 3615 filiu

228 3634 269 3709 se
298 3636 566 3723 reconciliavit,
595 3658 634 3710 ut
654 3641 756 3711 etiarn
780 3636 864 3710 secli
888 3638 1009 3728 Gaspai
1026 3638 1185 3723 Scheius,
1223 3639 1286 3732 qui
1308 3658 1427 3710 omnet

227 3730 358 3830 postea
378 3731 422 3803 ad
442 3734 641 3821 Parmenstm
657 3731 832 3828 profesti,
859 3735 957 3805 omni
977 3732 1020 3805 ab
1046 3754 1090 3805 eo
1114 3730 1359 3807 benevolentia
1374 3756 1432 3808 ac·

227 3825 391 3923 cepti&
411 3828 545 3901 trattati
566 3825 653 3899 sunt.

288 3922 456 3997 CLXIII.
484 3923 661 3997 Caeteriim
677 3943 716 3998 ut
732 3924 818 3996 nihil
835 3924 1000 3997 tetseamr
1021 3944 1160 3999 eorum.
1181 3944 1262 4019 qnae
1279 3925 1433 4022 contIge-

227 4040 345 4108 runt5
371 4021 529 4114 quamvis
546 4022 680 4095 caetetis
699 4017 886 4114 expostus,
911 4021 1009 4114 quod
1035 4017 1107 4111 jam
1132 4015 1286 4113 superest
1309 4043 1433 4117 parurn

228 4119 374 4193 adrem
395 4116 518 4205 saciat,
543 4120 642 4191 venit
668 4120 822 4193 tandem,
838 4113 917 4210 post
939 4132 1134 4188 conventus
1157 4114 1434 4207 dissolutionem,

218 4220 281 4285 ”ac
297 4208 556 4301 Caesateorum,
576 4211 797 4309 Regiumque
818 4210 1035 4307 Legatorum
1058 4206 1262 4299 discessum,
1288 4236 1438 4312 excepto

235 4308 357 4381 cimice
375 4310 414 4381 dt
435 4311 711 4409 swartzenberg,
735 4306 937 4407 responsum
957 4304 1154 4396 Ordinem,
1171 4308 1217 4387 ad
1234 4331 1295 4391 tut
1311 4315 1440 4391 articu-

292 4399 381 4479 Toiii.
395 4405 448 4486 11.
460 4406 591 4483 Parta.
901 4402 993 4483 Ccc
1385 4408 1441 4484 lot
