3984 5167
431 477 434 488 ’
584 510 669 617 30⁶
725 504 761 613 J.
798 500 845 591 n.
874 525 946 591 nr
974 496 1224 595 russis
1263 500 1662 597 comment.

434 709 540 796 ¹57&
584 679 702 773 quitus
723 676 773 752 uli
787 674 946 765 iuiffent,
973 675 1163 751 liberaliter
1181 679 1346 772 elargitus
1362 674 1429 751 est:
1454 680 1503 752 ita
1521 670 1798 757 utnihllintenn·
1836 660 1840 669 ¹

584 796 692 851 tatum
709 774 914 870 reliquerit,
941 776 1039 869 quod
1057 773 1175 868 Belgis
1193 772 1312 867 aliquo
1337 773 1452 846 modo
1469 775 1629 871 prodesse
1646 776 1779 871 pollet,

584 894 631 944 ne
649 870 826 966 quisquam
846 871 879 942 ei
896 873 933 943 in
951 871 1147 964 posterum,
1179 870 1274 961 quod
1291 866 1448 965 frigide,
1473 894 1514 945 ac
1538 874 1782 969 negligenter,

584 987 670 1062 quae‘
682 967 726 1039 ad
744 990 867 1062 pacem
882 965 1105 1061 spellabant,
1132 962 1676 1064 trabialset,exprobrareposs'et.
1702 968 1780 1047 Coe.·

584 1084 698 1136 terum
717 1067 754 1137 id
770 1062 1013 1145 ediliumtam
1030 1063 1132 1160 parvi
1147 1060 1351 1137 aestimatum
1366 1060 1435 1149 est,
1460 1068 1626 1143 utnullue
1636 1066 1780 1163 alicujus

582 1164 752 1239 momenti
770 1157 950 1242 exstiterit,
958 1161 1019 1253 qui
1037 1156 1311 1251 Austriarlsanar
1330 1159 1606 1249 admonitiones,
1619 1183 1663 1237 ac
1680 1162 1778 1237 bene·

539 1333 542 1340 ,
582 1250 665 1327 licia
684 1255 801 1330 oblata
815 1259 995 1351 amplexus
1021 1252 1072 1329 sit.
1096 1252 1191 1328 Nam
1206 1257 1303 1350 quod
1321 1258 1364 1331 ad
1381 1253 1777 1339 DominumdelaMom

583 1352 730 1441 attinet,
756 1356 818 1448 qui
834 1352 912 1448 post
936 1349 1102 1445 Austrinri
1117 1352 1155 1422 in
1173 1349 1773 1448 arcemNamurcensemreoellum,
1886 1384 1887 1387 ¹

581 1466 700 1541 partes
724 1472 866 1545 quoque
892 1446 1072 1521 Ordinum
1102 1456 1178 1525 e'rat
1196 1446 1353 1537 secutus,
1377 1450 1449 1523 cito
1465 1470 1603 1540 tamen3
1628 1451 1777 1546 pruden-

582 1562 706 1641 terque
725 1568 875 1618 errorem
891 1543 1100 1640 agnoscens,
1123 1548 1196 1639 jam
1206 1543 1340 1638 pridem
1351 1568 1416 1640 per
1427 1546 1653 1640 Hieronymum
1671 1548 1781 1622 Cretici

581 1637 717 1720 Parisiis
735 1662 892 1738 agentem
901 1640 1073 1735 Legatum
1088 1636 1261 1737 Regium,
1287 1640 1378 1737 Regi
1395 1640 1430 1715 se
1449 1644 1783 1738 conciliaraequam
1886 1706 1887 1709 ,

584 1735 631 1814 ob
650 1734 785 1812 causam
799 1737 987 1812 liberaliter
1010 1738 1054 1811 ab
1082 1758 1126 1811 eo
1152 1737 1303 1813 donatus
1325 1738 1375 1813 est
1392 1736 1612 1811 Commendo
1634 1737 1698 1833 (ot
1715 1762 1778 1815 nos
1885 1718 1887 1819 l

584 1837 697 1922 cant)
734 1834 869 1927 Serpa,
901 1830 1051 1907 Ordinis
1074 1834 1155 1908 Divi
1178 1832 1297 1926 Jeme
1325 1836 1365 1907 de
1389 1839 1423 1910 la
1455 1835 1611 1929 Espada,
1639 1834 1781 1909 valoris
1885 1840 1887 1877 ¹

584 1948 735 2024 quatuor
755 1930 908 2011 millium
921 1930 1130 2008 ducatorum
1150 1926 1277 2011 annue.

434 2032 437 2037 ’
631 2024 746 2107 XLV.
779 2025 914 2115 Aderat
937 2026 1009 2122 J‘am
1035 2024 1158 2101 mensis
1172 2025 1305 2117 Julius,
1330 2021 1455 2101 Prince
1483 2022 1566 2122 sque
1593 2025 1776 2122 Parmenfii

581 2144 661 2196 cum
678 2121 904 2217 Mmdragonr't
929 2144 1001 2195 tam
1018 2121 1158 2198 fortiter
1177 2124 1385 2227 Limlurgum
1403 2050 1608 2210 oblitterat,
1633 2143 1677 2197 ut
1688 2124 1780 2221 'poli

580 2220 791 2312 aliquantam
818 2241 997 2307 murorum
1023 2220 1187 2306 ruinam,
1219 2220 1378 2292 coelium
1397 2216 1505 2293 fuerit
1527 2216 1597 2295 sese
1623 2218 1782 2310 dedere,

580 2315 696 2394 oti-ita
709 2314 827 2418 postea
846 2314 914 2389 sese
929 2315 1205 2399 dedere-Darem,
1231 2314 1527 2407 Fouqutmontr'um,
1553 2337 1663 2411 atque
1681 2319 1775 2403 aliae,

528 2451 534 2460 ·
581 2434 662 2507 qua,
680 2414 717 2484 in
730 2410 1044 2496 Provinciderant'
1057 2410 1186 2493 Arces,
1212 2408 1360 2506 dataque
1380 2410 1612 2505 Mandragonio
1637 2415 1684 2488 ob
1713 2435 1774 2488 na·

580 2528 697 2594 natam
718 2508 759 2584 ei
779 2509 816 2580 in
836 2510 1083 2605 expeditione,
1106 2504 1247 2601 aliisque
1262 2500 1422 2618 pluribus
1441 2506 1478 2579 in
1494 2508 1582 2586 locis
1599 2510 1779 2606 egregiam

580 2628 749 2703 operam,
769 2606 878 2683 totius
892 2602 1151 2701 Limburgeulrs
1170 2600 1366 2679 Provinciae
1386 2600 1607 2679 Praefesturd
1623 2606 1778 2685 Aliunde

418 2732 428 2749 ·
525 2737 528 2741 ·
581 2708 688 2778 etiam
716 2705 822 2777 variae
845 2705 1001 2797 undique
1027 2700 1264 2777 adventabant
1297 2700 1442 2796 copiae,
1467 2702 1694 2795 quamobrem
1713 2702 1779 2775 Art·

577 2798 713 2897 sirletus
737 2820 819 2874 non·
834 2800 991 2895 amplius.
1012 2795 1246 2879 cunbiandum
1269 2816 1391 2883 ratus,
1416 2797 1582 2896 Parrnrnſs
1602 2800 1775 2895 nJunxit,

580 2901 621 2967 nt
640 2894 762 2968 relieto
781 2897 818 2967 in
833 2896 942 2982 locis,
966 2918 1056 2996 qpae·
1065 2890 1274 2991 acquisierat
1291 2888 1478 2968 officiente
1490 2892 1677 2991 praesidio,
1697 2914 1779 2970 cnm

579 2990 723 3086 reliquis
738 2990 850 3085 copilr
874 2994 918 3065 ad
944 2990 1238 3103 sereverteretor.
1288 2987 1367 3084 lpfe
1390 3006 1505 3063 autem
1522 2988 1662 3065 sanitati
1684 2988 1777 3085 resti·

578 3083 1776 3280 atttriti&lllssllllllrtlflllalllllrdllll

577 3276 794 3364 stramemtue
813 3279 871 3364 est.
922 3276 1011 3369 Quo
1027 3280 1064 3353 in
1080 3279 1162 3369 loco
1179 3278 1302 3361 exacte,
1323 3282 1577 3375 perpendens,
1602 3302 1645 3354 ac
1664 3275 1783 3357 oonfi«

578 3378 703 3450 derans
712 3428 725 3465 ,
750 3375 830 3450 edm
853 3374 977 3461 soliin
993 3376 1150 3451 cobello
1166 3372 1366 3451 delenfione
1382 3378 1436 3455 uti
1454 3372 1670 3467 decretillet,
1686 3376 1784 3473 qnid.

579 3471 701 3547 tle-iit·
720 3472 946 3556 civitatibue,
970 3494 1057 3569 quae
1080 3474 1126 3544 in.
1140 3470 1183 3547 ei
1200 3470 1389 3547 Provincia
1413 3472 1485 3569 jam
1511 3472 1650 3566 pridem
1673 3494 1775 3549 recu·

578 3589 753 3667 perarar,
774 3566 837 3641 fibi
866 3572 1039 3663 agendum
1063 3566 1174 3654 effer,
1197 3590 1276 3667 quae
1304 3588 1376 3642 tam
1407 3566 1556 3641 infirmae
1584 3588 1709 3656 erant,
1731 3588 1785 3643 uu

578 3660 831 3754 riecelleeffet,
869 3665 906 3734 in
926 3662 1081 3739 hostium
1095 3664 1300 3761 potestatem
1321 3663 1463 3752 venire,
1488 3662 1790 3763 quotiescumque·

538 3831 541 3837 .
621 3784 639 3840 a
665 3758 826 3837 obside‘re
850 3760 999 3851 vellent,
1024 3784 1124 3857 quas,
1141 3763 1256 3860 aliqui·
1274 3757 1476 3847 deserendas
1500 3760 1704 3853 putabant,
1728 3782 1788 3843 em

577 3785 676 4027 {nod
700 3854 749 3933 ob
762 3853 997 3934 infirmitatem
1028 3879 1108 3932 cum
1134 3854 1280 3954 Regius¹
1295 3856 1470 3939 exmcitm
1496 3854 1519 3929 s
1563 3858 1656 3931 erior
1676 3854 1785 3945 ell'et,

614 3956 689 4037 cile-
704 3977 749 4029 ex
766 3951 914 4030 bostium
930 3950 1098 4051 potestate
1122 3954 1214 4049 eripi
1225 3948 1398 4051 'pollente
1417 3972 1512 4048 quae,¹
1537 3974 1550 4025 r
1573 3950 1783 4031 conservem

578 4070 676 4145 tur,
697 4072 867 4160 magnam
881 4050 1031 4138 notabili
1058 4051 1289 4129 diminutiom
1316 4068 1467 4151 purtem⁴
1481 4050 1656 4129 exemtus
1679 4068 1790 4223 eraqq

1429 4175 1434 4182 ·
1721 4170 1745 4221 a

384 4334 392 4353 .
617 4266 647 4321 *ι
661 4264 864 4363 Modiali'om
890 4268 1043 4347 ordiale
1067 4268 1318 4342 cistercienur-
1341 4268 1546 4340 coenobium
1580 4269 1658 4354 eli,
1686 4268 1796 4362 quotu

460 4468 466 4475 Ι
577 4366 844 4452 cognominatur
865 4354 1097 4449 nogdanti,
1116 4356 1164 4434 io.
1182 4354 1246 4439 est,
1269 4352 1381 4433 Vallis..
1393 4352 1586 4449 idrgdnum..
