3984 5167
536 513 621 625 336
676 507 712 618 J.
739 502 786 599 li
823 522 897 593 uu
926 495 1187 593 Tussis
1226 492 1650 637 COMMENL

351 758 359 771 ·
390 737 495 813 1579,
562 727 642 779 uam
659 699 815 800 plurimis
835 695 998 773 recedere
1020 694 1129 771 etiam*
1150 692 1265 769 toaili
1290 688 1432 767 fuerint.
1480 688 1657 768 Doulout
1682 689 1733 767 Dc

363 820 371 831 ’
598 816 762 894 utapenut,
789 798 848 891 qui
869 815 944 871 tum
959 812 1107 892 preerat
1128 792 1319 867 Walonum
1336 788 1467 887 legioni
1481 789 1518 861 iu
1533 812 1578 864 eo
1619 813 1738 887 noque
1882 848 1883 865 ,

540 895 706 975 conflictu
728 896 942 970 vulneratus.
984 889 1100 964 Brevi
1115 889 1288 985 quidquid
1301 887 1452 984 putudre
1465 880 1588 962 tecue
1646 888 1738 985 egil,
1882 920 1883 963 ς

542 1014 583 1070 ut
591 994 734 1066 civitate
749 992 959 1087 potirentur,
971 1006 1232 1084 pugnatumque
1244 984 1303 1057 diu
1320 986 1356 1059 dt
1372 980 1623 1059 obstinatesed
1640 986 1738 1058 nullo

542 1090 781 1167 invadentium
801 1082 978 1171 succedo,
1003 1104 1166 1179 tantaque
1187 1104 1339 1170 reorum,
1363 1079 1542 1177 praecipue
1561 1078 1742 1175 Hispano·

543 1210 647 1273 tum,
682 1185 899 1277 aliorumque
923 1182 1158 1276 complurium
1186 1178 1367 1251 illustrium
1395 1179 1553 1251 virorum
1578 1176 1679 1251 caede
1700 1197 1742 1249 ac

544 1280 679 1379 strage,
704 1304 743 1355 ut
760 1281 846 1352 nihil
862 1276 1032 1369 funestius,
1045 1277 1171 1351 exteris
1187 1276 1249 1348 vix
1265 1296 1436 1371 umquam
1460 1293 1540 1347 aute
1561 1274 1598 1345 in
1613 1272 1740 1369 Belgio

546 1374 698 1455 eveniss'e
715 1378 892 1459 invenias,
910 1374 1201 1471 quemadmodum
1220 1392 1343 1445 contra
1363 1371 1449 1443 nibil
1465 1368 1599 1445 obseffis
1614 1370 1743 1467 glorio·

547 1474 616 1551 stus
633 1497 674 1550 ac
692 1472 795 1546 laude
814 1472 973 1571 dignius,
990 1492 1094 1564 quam
1110 1471 1235 1555 tantis,
1253 1488 1392 1565 tamque
1406 1462 1550 1541 strenuis
1563 1464 1746 1555 Ducibus,

548 1594 621 1648 tant
651 1569 829 1665 intrepidi
856 1564 1027 1681 reilitiiia
1071 1564 1265 1648 Caetetum,
1280 1562 1460 1679 quamvic
1479 1562 1617 1681 mi!
1644 1563 1745 1637 fateri
1882 1592 1883 1597 ¹

550 1661 1745 1867 tartaravs:imitatuturum?trinepte:

553 1858 758 1958 quantisque
774 1855 845 1933 obli
873 1850 1226 1942 uiu,actransvers1s
1253 1852 1400 1926 feriendi
1423 1878 1466 1927 ex
1486 1855 1574 1927 urbe
1596 1854 1682 1931 lucit
1706 1878 1749 1933 eu

554 1980 636 2056 pars
654 1954 804 2048 subjetta
819 1881 902 2027 eiiet
911 2001 924 2038 ,
945 1974 1093 2047 eamque
1107 1951 1155 2024 ob
1171 1948 1305 2023 causam
1323 1953 1404 2045 plus
1421 1946 1541 2023 iiuistri
1555 1972 1656 2046 quam
1675 1950 1752 2028 feli·

556 2058 608 2128 cis
624 2048 854 2126 successum
872 2050 1063 2123 mutatione
1079 2048 1137 2119 illa
1149 2044 1340 2142 exspectari
1354 2044 1572 2143 potuiss'evel
1587 2047 1749 2127 debuisse.

559 2150 706 2224 Certum
723 2150 844 2241 itaque
863 2142 934 2229 est,
959 2148 1043 2221 hinc
1060 2140 1227 2217 finisttum
1244 2144 1340 2216 bunc
1357 2140 1471 2243 casum
1495 2142 1660 2240 Pumtnfi
1672 2170 1751 2223 eve·

559 2245 656 2321 uile.
672 2242 765 2324 ,Erat
778 2238 1088 2339 praetereaneceiie
1101 2236 1333 2323 adtrauiitum
1348 2238 1444 2313 follae
1454 2243 1647 2337 aquaticae,
1664 2247 1754 2318 viam

558 2340 746 2439 irruptioni
758 2338 1055 2433 construere‚quae
1066 2338 1321 2410 cumtamarsta
1335 2334 1488 2421 effet‚ut
1504 2340 1672 2413 nonultra
1684 2342 1755 2438 sep·

540 2452 633 2521 sstem
644 2434 856 2531 eonjundiim
867 2432 1220 2517 tranfitumdaret,ob
1236 2434 1329 2509 banc
1342 2432 1588 2514 etiamcausam
1605 2440 1755 2514 noneni-

612 2530 1055 2643 airrumpeutibuuobjedia
1070 2527 1136 2605 iuit
1146 2529 1414 2604 incommoditas
1427 2529 1756 2626 :cogebanturenim

590 2630 700 2707 ‘vifim
718 2654 759 2706 ac
779 2630 947 2727 paulatim
965 2627 1149 2712 incedere,
1166 2648 1246 2701 uum
1272 2651 1317 2702 ue
1333 2626 1381 2699 ob
1404 2624 1607 2725 defiderium
1631 2650 1758 2727 pugne

487 2821 491 2827 ‚
515 2726 520 2733 ’
566 2722 1042 2827 unusquisque,quodpoffet
1059 2650 1763 2821 festinaret,iors1tan&nontamconjuu·

569 2826 629 2905 elo
651 2826 839 2903 roboreae
855 2818 1019 2896 ordinate
1042 2818 1088 2893 ad
1103 2842 1223 2893 manus
1242 2821 1361 2895 venire
1384 2822 1511 2917 potuit.
1555 2820 1648 2896 Caesr
1671 2825 1760 2899 iuter

569 2919 752 3018 Hispanos
779 2940 823 2993 ac
845 2915 953 2991 saucii
975 2916 1116 2991 criciter
1139 2918 1233 2992 mille
1261 2940 1271 2992 ι
1311 2920 1511 3015 cumplures
1535 2916 1697 3016 prae'feiii
1720 2914 1761 2996 ac

570 3015 786 3093 vexilliferi:
808 3015 945 3112 petiere
960 3014 1065 3088 etiam
1084 3034 1125 3087 ac
1136 3014 1313 3088 vulnerati
1329 3012 1407 3087 sunt
1422 3014 1553 3109 aliquot
1575 3014 1654 3090 Itali
1665 3019 1761 3092 uobi-
1808 3042 1812 3053 ·

570 3117 655 3206 let,
688 3114 749 3211 qui
770 3110 931 3205 quamvis
961 3112 1058 3184 nullo
1084 3108 1349 3208 astringerentur
1376 3112 1506 3185 militiae
1546 3109 1761 3191 sacramento

572 3232 633 3297 aut
655 3228 831 3296 munere,
855 3206 1000 3284 voludre
1027 3226 1140 3279 tamen
1162 3209 1198 3281 iu
1225 3227 1359 3281 tetam
1383 3200 1518 3292 ardua',
1549 3211 1675 3305 glorio
1703 3210 1762 3286 fibi

571 3306 699 3407 sponte
720 3302 871 3401 quaeiitae
895 3302 1073 3379 satifacere
1090 3301 1255 3398 interque
1278 3302 1531 3420 occisos-fuere
1551 3306 1668 3381 Fabius
1682 3308 1762 3381 Fur-

573 3401 896 3577 libidini
915 3420 1122 3594 {nilis
1136 3396 1763 3608 airiluitiittiiidi

573 3594 754 3689 Parmenſss
773 3614 890 3670 autem
907 3592 966 3667 etss
984 3594 1115 3668 variam
1132 3594 1214 3667 beili
1229 3592 1401 3668 fortunam
1416 3616 1538 3691 parum
1557 3598 1670 3672 adhuc
1686 3598 1767 3675 esset

574 3715 740 3792 expertus
751 3742 764 3781 ,
775 3689 997 3765 nibilominus
1013 3709 1126 3765 tamen
1142 3686 1255 3765 casum
1274 3692 1369 3765 hunc
1385 3690 1567 3767 adversum
1584 3696 1765 3772 moderate

574 3794 721 3889 lugens,
746 3806 806 3863 aut
822 3788 960 3885 perire,
984 3807 1046 3861 aut
1060 3804 1147 3860 voto
1165 3789 1271 3882 potiri
1290 3788 1419 3862 ibmrua
1444 3792 1547 3863 animi
1575 3796 1767 3871 constantia

575 3886 703 3964 statuit.
730 3886 892 3983 Cumque
904 3887 974 3981 jam
995 3882 1292 3960 animadvertisset
1308 3906 1474 3982 quantum
1493 3884 1702 3965 difficultatis
1726 3916 1768 3966 ac

574 3986 724 4081 periculi
741 3985 778 4059 iu
792 3980 826 4055 se
843 3983 1038 4059 contineret
1053 3978 1185 4057 invafio
1201 3984 1262 4055 illa
1279 3984 1434 4057 violenta
1461 3984 1587 4096 (quam
1606 3984 1765 4082 Affaitum

575 4083 729 4176 vocant)
755 4082 798 4154 ad
813 4080 988 4175 agendum
1004 4077 1186 4154 cuniculos
1210 4079 1401 4175 primorum
1419 4102 1572 4155 omnium
1586 4087 1679 4161 votis
1698 4088 1769 4159 aui·

577 4198 672 4251 mum
689 4180 817 4262 vertit,
840 4176 950 4252 electa
964 4175 1081 4261 adid,
1105 4196 1205 4269 parte
1219 4178 1279 4249 illa
1297 4178 1470 4266 civitatis,
1486 4200 1564 4275 quae
1582 4179 1768 4278 Tungrunr

505 4346 508 4353 ,
578 4268 602 4353 s
676 4271 776 4359 abat,
798 4274 860 4347 ubl
874 4292 1066 4371 eratporta
1081 4268 1330 4361 Bruxelleustu‚
1354 4277 1484 4371 quique
1502 4278 1600 4352 loeus
1618 4284 1771 4354 eminen-

589 4392 672 4461 ⁴or,
695 4387 841 4468 eratque
863 4373 980 4452 nullut
1008 4372 1095 4448 aliut
1118 4374 1229 4449 totiuu
1254 4370 1378 4464 urbia,
1409 4372 1628 4473 habebatque
1650 4374 1768 4449 foliam
1880 4418 1885 4511 5

1643 4473 1767 4551 etiamst
1796 4509 1800 4519 ·
