3984 5167
446 526 737 621 trente
794 528 1178 641 Parmos.
1364 566 1441 659 ψ

247 721 428 819 posterum
445 723 562 795 omnia
579 720 777 817 conservari
794 721 1114 817 posi’eviderentut.
1162 723 1319 802 Econtra
1336 755 1442 818 vero,

246 819 274 893 si
298 820 387 893 nibil
405 820 450 891 de
468 818 648 892 severitate
665 819 878 905 remitteret,
903 839 1038 893 certum
1058 819 1159 904 esset,
1184 844 1233 918 po
1284 829 1336 898 los
1356 851 1440 922 pau·

241 916 340 989 latim
364 914 409 987 ad
435 915 656 1009 implacabile
679 915 819 1000 odium,
852 936 894 989 ac
923 915 1065 988 viciffim
1092 918 1136 991 ad
1166 920 1226 990 vin
1253 916 1354 993 islam
1389 926 1440 995 in·

243 1010 391 1085 dubium
401 1011 465 1085 iri:
493 1010 603 1085 Unde
617 1034 691 1085 non
713 1010 889 1085 immerito
909 1013 1027 1107 multis
1052 1016 1191 1106 placet,
1215 1016 1396 1089 maximam
1420 1022 1440 1060 ¹
1467 1038 1609 1114 trappa,

241 1126 330 1181 tunc
357 1105 574 1181 occasionem
606 1128 730 1201 parum
759 1109 949 1201 prudenter
970 1107 1177 1202 neglexisse,
1212 1109 1282 1203 qud
1313 1109 1438 1207 Belgas
1467 1119 1608 1177 tonan:
1734 1130 1746 1136 ·

243 1222 315 1275 tam
331 1202 431 1276 brevi
458 1222 618 1296 tempore
639 1204 684 1273 ad
712 1201 871 1275 debitum
891 1200 1044 1275 officium
1076 1204 1364 1279 mirdasaelicitate
1388 1232 1438 1282 re·
1466 1189 1554 1250 Mb*

241 1298 390 1380 duslos,
412 1298 448 1368 in
471 1321 514 1371 eo
531 1294 672 1391 prorsus
699 1297 736 1370 in
756 1316 963 1390 perpetuum
982 1298 1208 1386 confirmare,
1234 1324 1276 1373 ac
1302 1301 1436 1377 consen
1466 1284 1543 1373 Ψ·

239 1413 324 1465 vare
337 1388 517 1488 potuisset,
543 1394 737 1465 dummodo
751 1413 824 1461 non
839 1390 970 1463 oblitus
991 1390 1220 1469 instabilitatis
1249 1399 1352 1493 hujus
1378 1398 1436 1471 sae·

239 1490 334 1570 coli,
357 1486 563 1581 prosperos,
588 1509 678 1581 quos
693 1484 790 1562 Dens
804 1486 837 1557 ei
854 1488 997 1561 dederat
1015 1486 1205 1574 successus,
1230 1497 1436 1571 moderatio·

238 1606 306 1670 ne,
332 1607 374 1655 ac
402 1582 588 1671 modestia,
613 1582 682 1678 qui
715 1581 861 1656 decebat
883 1581 1062 1676 gustasset:
1089 1586 1195 1679 idque
1224 1610 1300 1682 prae
1324 1595 1436 1669 oculis

238 1676 410 1754 banniret
424 1676 629 1752 Domininm
653 1698 866 1774 exterorum⁴
880 1700 960 1750 cum
988 1680 1150 1753 omnibus
1176 1681 1311 1777 semper
1329 1685 1437 1759 fuerit

237 1772 417 1859 odiosum,
443 1772 525 1845 dum
546 1773 663 1868 Belgis
679 1770 832 1845 debuisse
849 1772 999 1845 maxime
1016 1774 1101 1861 elle,
1127 1778 1174 1849 ob
1189 1799 1334 1871 peenas,
1358 1804 1438 1877 quae

238 1871 397 1965 quamvis
411 1889 482 1947 non
498 1872 671 1941 immerito
688 1870 814 1949 illatae,
838 1865 945 1940 solent
962 1888 1075 1943 tamen
1093 1873 1259 1962 alterare,
1276 1898 1318 1949 ac
1335 1897 1434 1951 aver·

236 1986 312 2039 tere
329 1966 542 2059 populorum
563 1967 716 2046 animos,
740 1964 812 2056 quai
827 1962 872 2038 de
898 1962 998 2037 causa
1013 1967 1240 2061 propensiore
1267 1970 1435 2045 debuisset

203 2118 210 2126 .
237 2057 437 2136 esseanimo
462 2059 506 2133 ad
521 2059 800 2138 benevolentiam
825 2083 867 2135 ac
892 2062 1093 2150 lenitatem,
1118 2085 1270 2159 quanta,
1295 2065 1332 2137 dt
1347 2068 1436 2141 diffi-

236 2158 366 2232 cultate
386 2152 461 2230 sola
475 2156 513 2230 vi
547 2157 696 2231 ditiones
712 2156 823 2239 tales,
848 2179 890 2230 ac
906 2179 1033 2243 tantae,
1058 2160 1096 2231 in
1120 2158 1236 2235 officio
1262 2164 1434 2239 contineri

235 2268 418 2345 poterant,
441 2248 546 2325 sacild
562 2273 637 2327 erat
654 2253 832 2347 judicato,
857 2276 936 2328 com
953 2255 1060 2348 longa
1082 2276 1197 2327 rerum
1218 2258 1433 2352 experientia

234 2346 480 2435 satitdoccat,
501 2345 717 2421 adsecutum
745 2342 967 2441 Reipublicae
985 2346 1110 2423 statum
1137 2352 1225 2426 nihil
1250 2355 1358 2449 magis
1381 2380 1433 2429 re·

261 2443 351 2528 uiri,
365 2466 497 2610 ιξιιιιιιιι,
522 2445 691 2518 utomnia
705 2440 817 2537 juste,
842 2441 962 2524 reue,
987 2466 1030 2517 ac
1057 2446 1240 2519 moderate
1265 2471 1431 2540 agantur,

235 2467 346 2636 aque
394 2541 532 2633 rinceps
554 2560 731 2634 tamquam
757 2535 879 2624 Pater,
904 2541 965 2631 qui
987 2558 1110 2613 contra
1139 2542 1267 2615 Filium
1290 2540 1432 2638 flagello

143 2708 151 2720 ,
233 2639 365 2717 utitur,
387 2654 427 2708 ut
450 2634 588 2708 avitiis
613 2635 797 2716 abstineat,
825 2634 864 2705 in
886 2636 1023 2749 reliquo
1052 2654 1167 2709 autem
1186 2660 1264 2712 eum
1288 2660 1429 2727 amore,

81 2741 83 2750 ⁴
233 2730 547 2806 &benevolentia
579 2728 821 2822 prosequitut3
855 2726 915 2810 dt,
947 2752 1026 2811 cum
1057 2730 1226 2809 Comicus
1251 2734 1326 2809 tit:
1348 2748 1352 2757 '
1372 2752 1430 2827 prr

230 2842 360 2921 pectam
382 2846 496 2920 magno
518 2826 647 2918 paulurn
661 2823 810 2916 supplicii
831 2825 916 2914 satis
938 2822 984 2919 ns
1001 2826 1105 2899 Patri.
1155 2827 1223 2903 Sed
1244 2833 1342 2923 quod
1358 2834 1428 2907 boc

231 2945 294 2998 aut
314 2924 491 3016 ingenium
505 2920 625 2994 Albani
643 2938 719 2992 non
730 2916 860 3006 ferret,
885 2941 943 2991 aut
963 2942 1088 2993 revera
1105 2922 1164 2997 ille
1187 2927 1304 2999 taliter
1324 2948 1430 3021 expe·

230 3020 308 3093 dire
331 3016 492 3105 sentiret,
518 3018 608 3091 nibil
632 3018 678 3090 de
706 3015 883 3111 regiminis
901 3014 1004 3089 cursu
1027 3021 1197 3107 mutavit,
1229 3020 1428 3115 persevera·

229 3113 367 3191 tumest
383 3114 420 3187 in
446 3116 625 3209 incoepto,
651 3113 743 3187 unde
763 3108 925 3185 severitas
949 3114 1056 3185 nimia
1078 3112 1182 3189 facile
1208 3120 1427 3209 opinionem,

217 3234 423 3305 ¹nomenque
438 3208 631 3307 tyrannidie
655 3211 802 3305 adepta,
828 3208 1014 3299 Tribunali
1038 3231 1156 3296 novo,
1186 3214 1359 3289 nrlulenn
1386 3216 1429 3287 ti·

157 3374 164 3383 ,
227 3307 341 3382 tulum
358 3308 533 3404 imposuit.
1346 3362 1347 3369 ι

278 3400 413 3475 XVlll.
440 3401 572 3482 Omnia
585 3403 635 3478 ibi
655 3405 767 3479 molto
784 3402 901 3496 rigore
925 3420 1050 3480 contra
1070 3420 1260 3490 nocentes,
1286 3418 1425 3475 contra-

228 3518 302 3595 que
318 3498 424 3583 alios,
447 3501 510 3593 qui
525 3520 584 3573 aut
598 3498 811 3584 census,aot
828 3494 979 3571 actiones
996 3522 1017 3571 a
1031 3495 1255 3591 proscriptis,
1271 3500 1425 3571 illorum-

227 3617 301 3691 que
315 3592 419 3666 bonia
435 3596 656 3686 repetebant,
681 3596 825 3668 nimium
845 3591 1006 3679 morose,
1030 3616 1073 3670 ac
1098 3590 1217 3679 lente,
1240 3614 1344 3689 atque
1357 3592 1424 3687 (ut

226 3692 285 3765 alii
305 3685 454 3781 volunt)
478 3687 598 3781 inique
617 3686 703 3763 alla.
753 3688 912 3772 Milites,
937 3688 975 3760 δι
1000 3689 1037 3761 in
1065 3689 1254 3785 praecipuis
1278 3690 1421 3785 o‘ppidir

90 3798 97 3810 ‘
224 3782 322 3860 hisce
339 3782 443 3862 rebus
467 3782 561 3857 baud
575 3782 734 3873 assuetis,
758 3780 897 3879 presidii
910 3805 1106 3879 praetextu,
1132 3806 1171 3857 ot
1186 3787 1424 3881 plecterentur

228 3881 356 3967 Cives,
381 3874 548 3976 impositi,
575 3878 740 3966 licenter,
764 3902 806 3953 ac
820 3876 1008 3955 insolenter
1029 3882 1217 3953 admodum
1240 3880 1275 3953 se
1293 3879 1423 3957 habue-

226 4003 288 4055 re:
314 3999 383 4053 nec
403 4000 476 4051 non
493 3975 636 4047 Allatas
656 3974 762 4049 tantb-
779 3974 933 4047 vanitate
956 3976 1008 4048 ob
1022 3974 1153 4063 suelicea
1169 3972 1339 4051 successor
1354 3980 1423 4051 ela·

226 4095 284 4149 tus
302 4070 374 4155 est,
398 4096 439 4149 ut
459 4068 524 4146 sibi
543 4068 629 4167 ipsi,
652 4072 751 4168 quod
779 4070 896 4141 nullon
915 4068 1028 4145 forsan
1049 4092 1200 4164 unquam
1218 4092 1340 4152 antea.
1357 4072 1421 4147 sta-

119 4207 125 4217 ·
182 4214 185 4221 -
225 4191 324 4263 tuam
340 4194 385 4247 ex
406 4195 497 4255 aere,
514 4170 621 4243 variis
638 4167 779 4264 figuris,
800 4180 907 4260 atque
925 4166 1183 4264 enigmatibus,
1206 4171 1336 4243 crimen
1344 4168 1422 4243 Bel·

224 4289 347 4361 gatum
365 4291 407 4343 ex
435 4267 662 4352 timentibus,
685 4262 894 4350 conflatam,
919 4263 965 4337 ad
985 4287 1050 4361 per
1077 4282 1193 4340 etnam
1218 4267 1269 4339 rei
1292 4288 1422 4339 memo-

223 4365 334 4458 ιίιιιι,
355 4291 498 4463 pudice
515 4363 554 4441 iu
574 4364 693 4456 medio
706 4362 812 4443 Accu
826 4356 1022 4529 §intrerpie
1074 4363 1267 4443 sererent.
1309 4402 1423 4528 xm
