3984 5167
511 493 606 591 590
661 467 697 579 ·J.
727 463 773 556 B.
811 487 884 556 un
922 457 1175 559 TAS'SIS
1200 455 1607 557 *COMMENOE

366 674 481 771 ΙἸ1598.
522 708 544 745 η
571 662 663 738 disla
684 660 798 736 nostra
826 659 1018 735 Germania
1035 656 1181 743 inferior
1199 659 1323 733 eadem
1341 653 1460 731 subeat
1475 656 1723 750 incommoda,

524 806 547 843 „
573 782 652 858 quae
670 756 840 833 haetenus
855 752 1013 853 perpessa
1031 754 1101 839 est,
1127 754 1251 852 bisque
1267 756 1372 829 etiam
1387 754 1533 831 accedat
1546 747 1726 851 aeqiiitatic

525 902 548 939 η
574 862 689 945 ratio,
713 880 796 953 quae
823 852 926 929 ditia
950 852 1077 929 nostrae
1101 853 1184 925 siliae
1218 851 1366 927 debetur
1389 850 1486 939 dos,
1518 853 1625 949 digna
1653 853 1726 929 suit

505 955 549 1034 'n
574 957 725 1044 meritis,
750 950 957 1051 generisque
984 948 1006 1023 s
1025 950 1188 1036 lendori,
1211 972 1357 1044 eamque
1380 952 1485 1023 etiam
1511 946 1652 1025 seorsim
1665 955 1726 1030 ob

524 1095 549 1133 n
575 1049 730 1135 causam,
743 1052 838 1147 quod
852 1049 929 1144 poss
945 1048 981 1121 di
1019 1070 1076 1118 um
1094 1045 1291 1143 Principem
1303 1048 1412 1121 filiuni
1428 1047 1582 1121 nostrum
1619 1070 1727 1142 quem

526 1189 550 1228 n
576 1148 674 1223 Deus
691 1148 751 1220 diu
767 1148 995 1234 incolumem,
1024 1142 1300 1238 prosperumque
1315 1141 1522 1237 consetvet)
1546 1142 1727 1219 ditiafiiia

526 1287 550 1325 η
574 1245 690 1319 nostra
705 1243 746 1316 fit
760 1246 891 1340 prima,
918 1239 1137 1337 &proxima
1158 1243 1194 1313 in
1207 1239 1415 1315 successione
1432 1239 1604 1324 Corone,
1628 1265 1727 1316 cutti-

528 1383 553 1420 n
578 1366 647 1437 que
676 1342 780 1413 etiam
803 1336 990 1426 consensu,
1022 1361 1064 1411 ac
1087 1338 1272 1412 voluntate
1302 1334 1385 1411 dieii
1414 1337 1522 1411 nostri
1549 1338 1633 1428 filii,
1653 1342 1726 1434 jam

525 1480 554 1515 s»
578 1462 671 1511 nunc
696 1436 741 1509 ad
772 1436 985 1509 haeredita'tis
1014 1436 1212 1527 portionem
1237 1435 1475 1529 accipiendam
1508 1435 1727 1521 admittitur.

530 1578 553 1615 n
580 1541 670 1611 lianc
689 1536 779 1605 viam
799 1535 927 1625 eligere
942 1530 1170 1618 instituimus,
1183 1530 1252 1624 quai
1267 1530 1444 1627 speramus
1464 1528 1576 1605 dicias
1593 1534 1723 1607 nostras

367 1628 370 1643 ¹
460 1702 462 1707 .
515 1654 552 1709 ‘n
579 1630 752 1705 inferioris
780 1626 981 1701 Germaniae
1009 1627 1243 1716 Provincias,
1276 1628 1458 1722 pristinum
1482 1629 1727 1724 splendorem,

500 1764 554 1805 ns
579 1728 885 1825 tranquillitatem,
910 1723 1242 1821 prosperitatemque
1263 1742 1537 1818 recuperaturos.
1585 1724 1727 1800 Notum

530 1867 554 1905 i,
579 1816 743 1913 facimus,
768 1824 863 1919 quod
880 1818 1109 1895 desiderantes
1124 1823 1159 1894 in
1175 1818 1356 1915 ptaesentia
1372 1824 1519 1914 exequi,
1543 1827 1638 1918 quod
1656 1842 1726 1896 tam

531 1962 555 1998 n
580 1918 714 1995 mature
732 1920 774 1995 ei
792 1919 836 1993 de
855 1942 892 1991 re
916 1916 1031 1993 facere
1056 1918 1251 2004 statuimus,
1279 1916 1398 1990 babiti
1427 1916 1569 2013 insuper
1591 1923 1727 1994 ratione
1746 1982 1764 2011 ,

531 2061 553 2095 n
579 2018 761 2112 spontanei
776 2012 956 2091 consensus
976 2014 995 2087 “a
1022 2011 1116 2087 dimo
1143 2013 1262 2087 nostro
1281 2011 1446 2109 Principe
1467 2017 1591 2087 eadem
1618 2019 1662 2092 de
1685 2040 1726 2089 re

531 2155 555 2193 η
580 2112 806 2187 liberalissime
823 2112 988 2204 praesliti,
1015 2110 1184 2206 nobisque
1207 2112 1359 2203 dumque
1385 2112 1549 2206 cogniti,
1574 2136 1616 2185 ac
1641 2135 1728 2208 per·

531 2252 556 2287 s>
579 2206 697 2303 speeie
720 2209 843 2281 humili
868 2206 1102 2291 submissione,
1138 2207 1209 2302 quai
1238 2206 1340 2282 dieta
1362 2208 1485 2284 nostrie
1513 2208 1727 2293 Provinciae,

531 2348 554 2383 u
579 2307 702 2379 nostrae
724 2304 1018 2415 bonaeqolunsati
1036 2301 1259 2392 assenserunt,
1286 2302 1503 2388 decrevimus
1521 2306 1663 2391 cedere,
1689 2305 1728 2377 δι

531 2447 555 2481 η
580 2402 808 2479 transcribere
826 2397 927 2473 ditlae
944 2400 1043 2475 Filiae
1057 2398 1183 2473 nostrie
1201 2398 1305 2473 Dotis
1329 2403 1469 2473 nomine
1492 2399 1529 2473 in
1554 2402 1624 2475 hoc
1644 2425 1727 2475 con·

532 2543 556 2577 i,
577 2502 735 2595 jugium‚
760 2520 879 2572 omnes
905 2494 1040 2571 nostras
1068 2495 1272 2571 Provincias
1296 2492 1472 2573 inferioris
1502 2494 1726 2585 Germaniae,

534 2638 556 2674 n
584 2596 620 2667 δι
643 2595 871 2693 Burgundiae,
897 2590 1006 2688 iisque
1031 2589 1210 2683 formulis,
1234 2593 1370 2679 modis,
1395 2591 1527 2689 pactis,
1553 2596 1591 2670 δι
1606 2595 1728 2669 condi·

532 2736 556 2770 ‚i
583 2693 736 2765 tionibus
768 2712 845 2787 quae
871 2687 1104 2786 subjicientur.

582 2832 605 2866 n
634 2814 664 2861 i.
693 2786 851 2882 Quarum
867 2790 979 2881 prima
993 2786 1065 2873 est,
1092 2782 1132 2859 dc
1147 2808 1219 2859 non
1242 2788 1359 2869 aliter,
1386 2788 1484 2880 quod
1502 2783 1595 2860 diiia
1609 2785 1728 2861 litans

533 2928 555 2965 „
580 2885 695 2955 nostra
712 2886 781 2957 filia
802 2884 911 2955 nubet
936 2881 1129 2956 Archiduci
1150 2883 1300 2968 Adesto,
1325 2884 1456 2958 virtute
1486 2882 1726 2979 Dispensatio-

533 3024 557 3059 η
583 2982 635 3053 nis
652 2978 776 3055 adimo
788 2976 917 3053 saneto
932 2978 1104 3054 Pontifice
1119 3004 1198 3055 eum
1214 2980 1248 3051 in
1265 2977 1368 3054 finem
1381 2978 1569 3068 concessae,
1580 2980 1618 3053 dt
1633 2980 1727 3055 dotis

416 3088 421 3097 ’
530 3120 555 3159 η
582 3078 743 3163 nomine,
769 3078 806 3151 ἃ
841 3098 1004 3169 tanquam
1033 3079 1149 3149 dotem
1184 3072 1293 3150 disias
1324 3075 1528 3150 Provincias
1552 3077 1724 3152 inferioris

534 3218 557 3252 n
585 3172 805 3256 Germaniae,
833 3173 870 3247 &
886 3172 1082 3247 Comitatus
1098 3172 1325 3267 Burgundiae,
1351 3170 1423 3245 &si
1438 3173 1726 3269 contigeritidem

534 3314 559 3352 ,‚
584 3269 783 3364 conjugium
808 3268 996 3363 quamlibet
1021 3271 1069 3343 ob
1088 3270 1227 3347 ,causam
1247 3269 1428 3365 impediri,
1455 3268 1548 3343 dieta
1564 3272 1728 3361 donatio,

536 3410 560 3445 n
587 3366 797 3462 collatioque
820 3370 884 3437 etit
915 3368 1028 3452 nulla,
1054 3364 1247 3461 nulliusque
1270 3369 1418 3454 valoris,
1451 3392 1565 3462 eoque
1591 3371 1626 3440 in
1651 3366 1731 3441 casu

537 3506 561 3543 η
587 3487 661 3544 eain
675 3464 745 3557 jam
765 3485 857 3535 nunc
875 3485 1100 3549 revocamus,
1116 3464 1200 3535 abio
1228 3486 1346 3548 anius,
1372 3461 1409 3534 ἃ
1425 3462 1659 3538 rescindimus.

584 3604 607 3635 η
636 3580 666 3630 2.
693 3560 740 3631 Et
757 3560 848 3631 haud
872 3557 986 3647 secus,
1013 3561 1110 3654 quod
1133 3583 1176 3631 ex
1196 3487 1296 3648 iiiiis,
1321 3558 1378 3646 dt,
1404 3561 1464 3653 qui
1487 3560 1668 3656 nascentur
1685 3582 1730 3633 ex

533 3699 559 3733 ss
585 3680 627 3729 eo
649 3654 880 3729 Matrimonio
900 3678 1030 3742 mares,
1056 3656 1093 3727 δι
1121 3654 1286 3745 saeminae,
1316 3656 1482 3749 legitimi,
1517 3659 1657 3752 natique
1687 3680 1732 3729 ex

426 3830 431 3837 .
535 3796 558 3831 n
583 3751 741 3847 legitimo
751 3754 996 3843 slsatrsmonio,
1014 3751 1051 3822 &
1064 3776 1134 3824 non
1147 3777 1188 3825 eii
1201 3755 1415 3825 naturalibus
1429 3754 1577 3847 legitimi
1593 3751 1733 3837 essedis,

537 3894 559 3929 „
586 3854 688 3921 etiam
705 3848 781 3943 post
804 3846 1013 3944 subsequens
1032 3850 1316 3935 Matrimonium,
1342 3850 1491 3942 majores
1509 3853 1581 3923 nati
1598 3852 1735 3945 prelati

532 3990 556 4024 n
583 3948 798 4029 minoribus,
823 3946 1000 4040 maresque
1018 3945 1167 4019 foeminis
1195 3948 1231 4019 in
1258 3969 1351 4033 uno,
1380 3948 1572 4037 eodemque
1597 3949 1731 4041 gradu,

536 4086 558 4121 n
585 4044 753 4117 continui
768 4040 973 4117 successione
993 4042 1147 4115 haeredes
1165 4066 1268 4117 erunt
1285 4043 1442 4117 omnium
1460 4040 1736 4118 distarumPto·

537 4183 560 4216 ‚i
587 4140 801 4225 vinciarum,
829 4138 922 4212 nulli
943 4136 1082 4213 admissis
1113 4142 1299 4213 earundem
1326 4138 1514 4223 divisione,
1546 4161 1603 4211 aut
1624 4142 1738 4233 parti-

540 4280 561 4313 „
588 4236 711 4321 tione,
743 4234 899 4331 expresse
929 4240 1111 4323 volentes,
1152 4258 1190 4309 ut
1217 4235 1340 4319 filius,
1371 4258 1431 4323 aut
1455 4236 1542 4323 filia,
1566 4236 1649 4318 filii,
1675 4257 1736 4309 aut

540 4374 564 4409 i,
589 4331 668 4405 liliae
688 4333 843 4427 majoris,
871 4334 930 4427 qui
950 4332 1176 4416 decesserint,
1194 4331 1299 4406 Patre
1317 4333 1517 4428 superstite,
1534 4333 1741 4429 praeseratur

540 4471 564 4507 η
591 4432 748 4523 patruis,
781 4454 829 4511 ac,
854 4434 990 4505 caeteris
1019 4432 1199 4524 quibusvis
1224 4453 1269 4503 ex
1295 4430 1386 4504 lineri
1409 4432 1612 4504 collaterali.

588 4570 610 4603 ι,
639 4548 669 4618 3.
696 4525 744 4599 Et
765 4547 836 4625 non
854 4527 953 4601 aliter
979 4525 1002 4600 li
1018 4528 1208 4620 contigerit
1232 4527 1345 4623 (quod
1361 4524 1461 4605 Deus
1480 4526 1642 4622 avertat)
1666 4528 1747 4694 pnl3

1618 4664 1642 4701 υ
1683 4646 1741 4695 lim
