3984 5167
373 494 687 601 ¹bruun
742 498 1216 619 Qu1nunn
1349 520 1443 621 409

107 748 108 755 κ
239 684 423 799 ipsumque
441 694 576 797 Regem
591 696 728 783 affesli3
752 699 814 797 qui
856 697 1019 773 lurimnm
1035 697 1130 793 apud
1151 692 1251 769 citer
1268 694 1432 787 valebat,
1482 718 1588 809 1579.¹

157 804 161 811 '
240 798 400 895 partibus
427 796 482 871 Re
508 800 548 871 iis
572 797 605 873 se
629 797 788 885 addixit,
840 794 1014 890 estgnatur
1040 792 1090 867 ibi
1112 790 1340 866 Gubernator
1355 793 1433 867 Do·

241 894 355 967 minus
372 894 425 967 Dr
438 820 625 991 thfigtol,
658 915 810 969 attamen
843 892 939 966 haud
962 894 1023 965 diu
1047 890 1126 987 post
1151 889 1313 961 malevoli
1341 890 1435 966 intua

110 1028 111 1034 κ
239 986 451 1076 existentes,
476 988 619 1077 haerefiz
645 1010 686 1064 ac
711 991 849 1063 Anruito
864 987 1045 1074 faventes,
1061 986 1193 1060 anxilio
1212 1006 1356 1059 externo
1375 989 1434 1058 ad·

107 1115 114 1139 a·
237 1082 318 1255 iuti,
330 1082 446 1159 occiso
459 1085 765 1170 Gubernatorem
780 1084 1079 1171 didloMonatbo,
1095 1082 1234 1157 sortiter
1249 1083 1435 1179 pugnanti·

266 1202 327 1259 us,
353 1182 492 1254 tandem
507 1184 682 1257 civitatem
708 1186 743 1255 in
762 1183 895 1255 Δαναίσι·
912 1181 1119 1275 potestatem
1144 1182 1362 1274 redegerunt.

107 1310 108 1327 ¹
217 1309 224 1331 t
288 1275 525 1351 CCXXVllI.
538 1278 716 1353 Caeterum
732 1280 824 1351 inter
833 1272 980 1350 Politica
990 1276 1208 1351 Maestritbti
1216 1276 1438 1371 gesta,unum

107 1396 108 1411 ³
232 1372 468 1468 uonindigne
485 1374 545 1447 bic
562 1372 751 1460 inseretur,
776 1370 815 1445 dt
836 1392 916 1467 quae
930 1372 1065 1444 Δαναίσι·
1073 1370 1154 1465 post
1169 1377 1297 1445 multos
1311 1368 1436 1467 eosque

106 1489 109 1561 ζ
237 1466 357 1541 foedos
373 1471 512 1545 laboret
531 1467 637 1542 fuerit
657 1465 1026 1561 intentio‚posteritati
1055 1469 1099 1539 ad
1117 1468 1367 1541 institutionem
1385 1472 1435 1539 in·

106 1578 107 1589 ¹
238 1562 409 1641 notescat.
458 1564 631 1661 Exempla
659 1568 751 1643 enim
776 1586 950 1658 tamquam
966 1565 1060 1637 vivae
1078 1566 1124 1635 im
1171 1566 1245 1636 ines
1261 1566 1383 1637 merito
1400 1567 1437 1636 iu

237 1662 438 1736 mortalium
454 1662 575 1735 animia
588 1662 637 1735 ita
649 1661 838 1757 aliquando
855 1678 1058 1755 operantur,
1070 1678 1135 1733 uta
1172 1662 1315 1732 vitanda
1326 1662 1435 1747 vitia,

238 1759 482 1853 uirtutemque
500 1754 709 1853 sequendam
735 1780 777 1831 ac
797 1755 1020 1840 imitandam,
1044 1779 1117 1830 non
1145 1759 1247 1852 parvi
1273 1754 1337 1826 fint
1363 1778 1435 1828 mo-

236 1856 362 1929 menti.
412 1854 572 1927 Artrar'rnr
588 1905 606 1941 ,,
626 1856 785 1929 maximae
811 1852 908 1948 apud
933 1850 1061 1947 Belgas
1085 1852 1150 1947 (ut
1175 1853 1257 1924 alibi
1276 1852 1436 1949 ditium)

232 1950 464 2025 authoritatis
487 1946 661 2040 vasallus,
698 1948 817 2025 haetefi
852 1953 894 2021 ab
919 1950 1136 2023 incunabulis
1154 1951 1335 2035 imbutus,
1360 1972 1438 2044 pet·

237 2045 408 2141 [pieac-is,
432 2043 553 2130 vasti,
568 2066 672 2142 atque
688 2043 860 2121 artificioss
872 2045 1058 2118 admodum
1074 2045 1226 2141 ingenii,
1237 2068 1439 2138 magnarum

119 2164 124 2171 ’
239 2166 360 2217 rerum
378 2138 550 2217 obstinate
567 2166 758 2240 appetens,
771 2165 837 2218 nec
851 2142 1094 2216 blandimentis
1110 2143 1258 2228 attrahi,
1279 2165 1343 2215 nec
1354 2165 1437 2238 pro·
1483 2212 1488 2219 .

237 2240 344 2313 millis
368 2240 485 2323 allici,
512 2262 577 2312 nec
594 2244 695 2313 minis
715 2241 855 2323 terreri,
880 2261 945 2311 nec
961 2241 1066 2312 armis
1081 2237 1441 2332 itaumquam'vexari

239 2340 384 2431 potuit,
409 2356 447 2407 ut
475 2358 597 2428 magna
622 2340 707 2427 ilia,
739 2358 818 2429 quae
845 2338 961 2407 animo
986 2354 1199 2426 conceperat
1229 2335 1441 2427 deponeret,

234 2430 401 2540 fixusque
416 2433 451 2503 in
468 2428 530 2503 suo
548 2430 642 2514 fine,
668 2450 771 2525 atque
788 2452 869 2501 cum
892 2428 1153 2524 adipiscendum
1170 2428 1443 2525 quibuscumque

236 2526 363 2625 pollet
394 2528 508 2600 modis
527 2548 591 2621 per
617 2526 669 2599 fas
698 2528 734 2602 &
761 2523 857 2599 nefas
876 2526 1120 2600 audanernon
1139 2524 1323 2611 tenderet3
1347 2529 1442 2602 unde

145 2616 152 2628 '
245 2622 432 2707 accidit&
448 2620 544 2717 ipsos
560 2622 717 2697 subditos
733 2624 867 2715 Regios
877 2670 889 2707 ,
914 2624 975 2715 qui
993 2618 1099 2733 ipsius
1118 2622 1262 2715 imperio
1278 2618 1349 2693 sese
1367 2618 1443 2694 sub·

238 2715 435 2803 miserant,
466 2717 565 2791 ducis
582 2720 747 2813 exemplo
763 2720 806 2791 ad
821 2734 950 2790 tantam
967 2738 1162 2790 animorum
1177 2716 1443 2793 obstinationem

238 2818 285 2893 dc
303 2815 535 2910 pervicaciam
554 2817 721 2909 paulatim
739 2814 948 2909 pervenire,
967 2834 1010 2887 ut
1024 2835 1091 2888 nec
1106 2832 1189 2906 erga
1199 2837 1259 2885 eos
1282 2814 1351 2887 ulla
1367 2837 1442 2887 um·

272 2933 353 2984 uam
368 2908 623 2989 benevolentiae
641 2907 766 3005 Regiae
791 2911 1039 2985 demonstratio
1088 2908 1253 3004 uidquam
1283 2911 1443 2986 valuerit.

238 2936 347 3081 sotis
368 3006 460 3079 enim
476 3028 552 3082 erat
571 3028 652 3080 cum
669 3005 736 3081 suia
752 3007 943 3095 baereticis,
956 2934 1232 3103 quibuscumque
1246 3007 1391 3081 videbat
1402 3010 1444 3100 in

245 3102 394 3179 subditis
445 3124 593 3198 quotum
612 3124 727 3179 tamen
753 3105 797 3177 ad
825 3126 866 3179 ea
889 3100 999 3199 usque
1022 3124 1203 3198 tempora,
1227 3106 1337 3197 major
1360 3125 1443 3200 pars

123 3277 129 3291 ,
242 3199 356 3275 iidem
382 3196 627 3285 Catholicam,
660 3200 928 3295 apostolicam,
961 3199 1157 3273 Romanam
1186 3197 1443 3296 profitebatur)

247 3296 383 3393 aliquid
399 3300 482 3373 oriri
497 3296 732 3372 inclinationis
749 3294 819 3373 sese
846 3318 927 3373 cum
946 3292 1047 3390 Rege
1073 3296 1347 3381 reconciliandi,
1371 3297 1443 3369 boc

242 3394 301 3465 ita
317 3394 513 3469 subvertere
524 3444 536 3481 ,
560 3412 760 3489 vanumque
776 3394 940 3479 reddere,
965 3412 1006 3465 ut
1026 3388 1194 3463 facillime
1211 3387 1445 3485 refrigesceret
1544 3436 1547 3441 -

245 3490 452 3565 eorumdem
465 3489 633 3575 intentio,
658 3486 921 3585 constanterque
945 3484 1131 3581 semper-in
1157 3484 1347 3561 rebellione
1365 3508 1444 3585 pet-

245 3581 417 3659 sisterent.
465 3584 520 3661 Ita
534 3604 574 3659 ut
592 3590 661 3683 jam
674 3607 744 3679 pro
760 3606 857 3661 certo
874 3582 1085 3669 baberetur,
1109 3579 1165 3656 Re
1190 3583 1351 3657 inullam
1369 3606 1443 3656 um·

245 3702 355 3777 quam
374 3678 591 3757 subditorun
613 3681 817 3778 obsequium
834 3680 1025 3755 revocandi
1039 3675 1143 3774 spem
1164 3604 1352 3775 superesse,
1379 3675 1444 3751 niii

242 3778 273 3851 ὲ
298 3776 413 3851 medio
439 3778 618 3853 tolleretur
641 3780 701 3853 ille
716 3781 776 3874 qui
794 3798 865 3853 tam
879 3773 1070 3851 immensas
1095 3772 1320 3870 Reipublicae
1347 3770 1445 3847 mise·

107 3934 108 3939 r
241 3874 342 3962 aiae,
366 3875 499 3951 noune
517 3896 559 3950 ac
577 3870 760 3949 sustentare
780 3872 872 3947 solus
887 3872 1103 3949 credebatur.
1135 3868 1223 3945 Erat
1237 3874 1308 3966 jam
1323 3867 1345 3943 b
1360 3890 1447 3945 tem·

143 3986 148 3991 ·
242 3994 338 4070 pore
358 3971 509 4059 Albani,
545 3970 686 4047 crimine
709 3969 797 4043 iaesae
818 3969 1011 4067 Majestatis
1037 3966 1181 4041 Divinae
1211 3989 1254 4042 ae
1284 3967 1445 4043 humanae

245 4068 431 4145 convietus
450 4067 629 4157 Auriacur,
653 4090 694 4141 ac
708 4067 878 4143 sententia
872 4061 1039 4235 ¹{uridice
1049 4066 1120 4137 lata
1133 4066 1171 4139 in
1186 4066 1260 4160 eiua
1276 4067 1386 4139 vitam
1403 4088 1446 4141 ac

243 4165 366 4247 bona,
388 4160 447 4236 sed
463 4185 544 4237 cum
562 4165 748 4239 adrnanus
763 4184 835 4237 non
851 4188 871 4237 e
897 4182 934 4237 et
952 4158 1132 4235 sententie
1148 4164 1322 4249 executio,
1336 4185 1446 4258 quan-

242 4274 326 4332 ¹turn
342 4260 385 4333 ad
400 4262 718 4357 titamuumquam
734 4262 778 4335 ad
800 4257 964 4340 effetum
981 4256 1269 4357 ducipotuerat,
1294 4282 1359 4334 nec
1374 4258 1446 4355 jam
1518 4285 1521 4290 ⁴
1541 4277 1545 4281 ·
1577 4264 1580 4269 ’
1609 4280 1611 4284 ’
1706 4254 1715 4263 ’

236 4350 390 4429 „aon
413 4356 474 4431 ΙΙ.
499 4356 584 4435 Part
610 4378 643 4431 a.
919 4400 921 4405 ,
960 4349 1044 4429 Fff
1351 4350 1450 4453 posse
1482 4362 1488 4373 ‘
1525 4365 1528 4371 ·
