3984 5167
431 421 745 567 'ernon
802 468 1191 575 PRIMUS.
1382 520 1520 611 151..

130 750 140 763 Ι
256 658 507 759 tir'Vlill'tnpl‚
533 657 573 735 dr
590 658 687 733 Verd
710 659 911 827 (amttam
928 681 1224 761 parvoappereeu
1251 692 1459 773 oppugnare
1501 711 1606 783 1572,

256 764 451 838 consultum
477 754 671 849 nouerat)
695 758 744 829 ho
779 757 785 771 '
814 756 990 835 celicium.
1038 759 1217 837 Coeterum
1244 772 1331 845 clallr
1348 776 1455 870 longe

255 862 357 934 aliter
371 858 510 941 evenit,
537 874 616 927 cum
634 854 726 927 enim
744 847 871 926 statum
883 853 964 950 post
979 855 1176 953 expositum
1193 862 1336 939 militem
1357 877 1456 945 nullo

256 957 364 1028 modo
387 951 437 1025 ibi
457 946 570 1047 pollet
595 946 793 1035 confistere,
813 948 956 1045 jamque
978 954 1015 1025 in
1040 956 1153 1027 reditu
1181 956 1264 1030 ellet
1287 962 1454 1042 eratlrius

254 1048 390 1129 cladem
405 1045 633 1146 reduclerus,
658 1045 797 1119 cursum
818 1046 927 1141 longe
954 1047 1130 1123 diversum
1147 1052 1191 1125 ab
1210 1076 1276 1145 eo,
1302 1082 1373 1153 quo
1393 1086 1454 1137 ve.

255 1168 382 1231 nerat,
414 1146 557 1229 tenuit,
588 1136 822 1226 eoconltlio,
849 1163 889 1214 ut
908 1144 1064 1219 hostilem
1083 1145 1222 1223 falleret
1242 1176 1251 1223 ε
1300 1154 1359 1229 sed
1375 1178 1454 1230 cum
1560 1202 1563 1207 ·

109 1332 115 1335 ,
254 1242 389 1317 lummo
404 1237 509 1313 mand
526 1238 680 1319 sehouae
701 1236 721 1277 ⁹
745 1238 783 1309 io
798 1258 867 1330 qua
884 1238 932 1311 est
951 1238 1114 1319 Ziriczee
1131 1249 1463 1357 appropinquaret,

257 1340 393 1415 hostem
415 1337 571 1417 inven‘tt3
595 1356 669 1427 quo
686 1330 782 1419 vilo,
806 1334 901 1407 haud
928 1335 1089 1430 ignarus,
1116 1342 1222 1435 quim
1248 1348 1300 1418 tlli
1322 1350 1457 1425 viribus

256 1455 476 1530 numeroque
499 1431 643 1519 narium
661 1430 772 1525 impar
792 1428 896 1517 effer,
921 1451 963 1503 ac
981 1430 1157 1507 Schovam
1181 1442 1326 1514 amicam
1350 1448 1454 1521 etiarn

255 1552 408 1629 putent,
433 1530 471 1600 in
488 1549 564 1601 eum
579 1546 689 1598 naves
715 1524 881 1597 reducere
895 1528 1013 1599 animo
1037 1550 1267 1626 conceperat,
1291 1539 1390 1613 millo
1416 1544 1453 1617 in

259 1624 527 1711 eam-insulem,
554 1623 618 1717 qui
638 1644 682 1695 an
698 1622 768 1694 hoc
782 1618 903 1694 secure
926 1624 1068 1707 liceret,
1094 1630 1309 1722 exploraret:
1334 1634 1391 1708 sed
1417 1636 1455 1709 ἃ

257 1723 338 1811 ibi,
364 1725 417 1797 uti
437 1721 570 1815 ubique
580 1720 763 1803 locorum,
787 1719 942 1790 omnium
962 1721 1069 1793 animi
1083 1726 1128 1796 ed
1152 1730 1363 1805 mutationes
1379 1754 1455 1805 ver·

256 1820 396 1916 gabant.
445 1814 567 1911 ltaque
587 1810 719 1887 sinistro
743 1834 893 1908 accepto
914 1812 1096 1911 responso,
1122 1820 1204 1893 durn
1229 1826 1316 1918 quid
1338 1848 1456 1921 ageret
1476 1880 1498 1890 -

257 1912 452 2001 haelltaret,
476 1913 522 1987 ab
549 1910 648 1983 hoste
685 1910 947 1985 circumventor
973 1934 1086 1987 totam
1120 1916 1252 1990 clallem
1287 1926 1453 2017 perdidit.

260 2008 361 2107 Ipse,
380 2013 554 2104 paucique
569 2008 605 2079 in
622 2002 790 2096 Insulam,
815 2028 896 2101 qoae
915 2005 965 2082 est
984 2008 1136 2085 Schovae
1152 2016 1295 2091 omuino
1319 2020 1455 2104 vicina,

258 2130 362 2204 quarn
380 2110 532 2179 natendo
548 2105 718 2198 attingere
738 2107 906 2200 cmttigit,
930 2104 1025 2201 aegre
1045 2105 1193 2183 evasere.

307 2200 437 2275 xxix.
462 2202 607 2276 Albanus
624 2200 670 2271 ab
692 2201 795 2271 initio
815 2202 939 2274 harum
960 2224 1130 2275 novarum
1156 2207 1335 2283 turbarum
1362 2209 1463 2287 Ere?

259 2298 349 2373 nufii
365 2299 412 2340 *⁴*
443 2300 557 2371 extrui
583 2313 721 2369 curarat
753 2292 888 2369 cladem
908 2296 1037 2392 viginti
1054 2300 1194 2372 navium
1213 2326 1276 2399 per
1286 2309 1457 2401 Lolotrm†

260 2394 505 2479 finenciurum,
528 2413 570 2465 ut
592 2410 726 2465 vocent
746 2388 981 2480 commillurn,
1006 2396 1065 2488 qui
1093 2398 1163 2468 hoc
1191 2420 1316 2493 quanta
1338 2409 1457 2497 potuit

260 2494 435 2565 celeritate
449 2487 621 2584 perfecit,
645 2485 870 2583 deduiliique
885 2490 923 2560 in
938 2491 1045 2561 altum
1063 2491 1223 2581 navibus,
1234 2498 1277 2569 ad
1297 2501 1456 2571 Albanum

260 2590 457 2666 rediturus,
479 2581 695 2657 Enchufium
721 2587 872 2677 reliquit.
925 2582 1098 2659 Manserat
1124 2610 1167 2658 eo
1183 2590 1265 2683 ipse
1295 2595 1351 2667 die
1376 2616 1456 2668 cum

261 2681 321 2755 sua
346 2701 483 2754 tanturn
509 2683 677 2774 inportu
702 2683 783 2751 nevi
810 2678 1034 2775 Boffnoim,
1071 2684 1132 2775 qui
1158 2704 1232 2757 erat
1260 2688 1456 2787 defignarur

262 2779 342 2852 vice
362 2776 591 2857 Admiralius,
614 2776 671 2846 vir
686 2776 857 2847 maritima
878 2772 1022 2849 scientia
1047 2781 1183 2854 clarus:
1230 2786 1456 2881 acciditque,

263 2872 344 2949 clim
361 2876 420 2947 hic
439 2894 562 2944 navem
578 2870 696 2943 versus
714 2871 800 2957 iter,
821 2893 861 2944 ut
877 2872 960 2945 aliae
977 2872 1048 2967 jam
1066 2874 1101 2945 in
1119 2876 1192 2949 alto
1207 2880 1388 2957 existentes
1409 2882 1457 2958 se·

262 2990 451 3065 queretur,
475 2969 561 3039 oriri
598 2966 614 3061 (
630 2966 779 3039 nescitur
797 2965 967 3063 sponrtne
984 2994 1030 3043 an
1047 2968 1153 3068 casu)
1187 2974 1277 3049 inter
1296 3002 1395 3067 eunt,
1420 2979 1459 3053 dt

260 3068 449 3162 quemdam
465 3066 579 3136 civem
603 3065 894 3149 altercationem,
934 3088 976 3137 ec
1000 3090 1081 3140 eum
1107 3070 1220 3145 civem
1241 3074 1285 3147 ab
1311 3074 1459 3169 Bothufio

260 3164 421 3259 percuti,
446 3160 517 3257 qul
534 3158 716 3233 occasione
734 3158 859 3255 perfidi
878 3162 1046 3257 quidam,
1079 3164 1123 3238 ed
1141 3189 1213 3238 rem
1233 3170 1394 3254 duxere,
1418 3192 1460 3245 ut

261 3259 431 3353 Brileſsus
449 3256 718 3353 comprehensus
736 3256 968 3353 conjiceretur
983 3261 1020 3330 in
1031 3282 1228 3336 carcerem:
1255 3268 1356 3357 plebs
1372 3268 1459 3339 verd

262 3357 299 3426 in
317 3378 441 3429 navem
460 3356 619 3436 irruerit,
643 3375 787 3445 eamque
804 3354 975 3450 direptam
999 3356 1089 3427 intra
1112 3380 1229 3429 muros
1254 3362 1455 3447 reduxerit,

264 3453 454 3544 Lunamque
489 3454 527 3522 in
552 3450 745 3522 diversorio
761 3446 887 3521 frustra
905 3448 1087 3542 quesierit:
1105 3450 1203 3524 brevi
1221 3474 1295 3527 tota
1313 3458 1456 3533 civitate

157 3552 163 3559 '
263 3544 308 3618 ad
324 3566 418 3617 erma
432 3542 667 3628 concursum,
684 3547 800 3637 edque
815 3570 870 3618 res
890 3544 993 3618 decla
1005 3596 1015 3627 ,
1027 3566 1065 3617 ut
1077 3552 1254 3639 coegerint
1273 3552 1454 3642 Boslufinnt

263 3641 424 3713 nuntium
449 3643 582 3713 mittere
608 3664 689 3714 cnm
712 3644 867 3726 litteris,
893 3642 1019 3735 quibus
1042 3664 1151 3715 totam
1166 3646 1325 3737 clallem,
1351 3652 1395 3723 ad
1421 3649 1455 3722 se

263 3739 380 3813 redire
394 3732 507 3833 juffit,
529 3738 745 3830 quodetiam
765 3738 872 3833 aliqui
887 3760 930 3810 ex
941 3737 1116 3834 prefectis
1135 3738 1280 3834 fecere,
1304 3766 1456 3841 cumque
1581 3736 1591 3759 ⁸

1206 3916 1213 3931 ,
1331 3944 1338 3951 ·
1386 3844 1455 3917 suis

302 3990 552 4057 *schouwen
591 3984 812 4055 ”Enchuse
850 3986 1051 4073 Enrlboysm.
1093 3992 1298 4075 †Albertus
1313 4016 1380 4067 van
1389 4002 1454 4072 Lo.

302 4074 325 4158 ἲ
346 4074 394 4139 Le
420 4091 456 4138 e:
480 4070 675 4144 Boshustus,
697 4073 789 4138 utin
811 4072 1113 4157 consequentibus.
1154 4076 1185 4145 Is
1207 4078 1255 4145 est
1286 4080 1456 4171 Frontistnr

261 4156 371 4241 Busche
403 4176 437 4220 en
457 4154 879 4223 marisNord·hollandici
905 4158 1179 4242 pro-praefeeltts.
1205 4160 1245 4231 V.
1270 4162 1456 4249 VanLern·

265 4260 336 4305 rom
371 4242 410 4309 ol.
431 4243 504 4307 881.
525 4238 706 4305 Videndus
725 4258 863 4325 quoque
878 4238 1005 4309 Borrine
1020 4244 1071 4314 lib.
1092 4250 1123 4315 6.
1137 4246 1200 4333 fol.
1227 4252 1301 4334 269.
1324 4252 1359 4323 u
1379 4272 1455 4338 270.
1579 4263 1581 4272 '

262 4324 321 4407 qui
337 4342 410 4392 rem
426 4324 514 4390 hanc
533 4324 653 4408 paullo
673 4325 773 4396 aliter
788 4340 916 4396 natm.
