<?xml version="1.0" encoding="UTF-8"?>
<!DOCTYPE html PUBLIC "-//W3C//DTD XHTML 1.0 Transitional//EN"
    "http://www.w3.org/TR/xhtml1/DTD/xhtml1-transitional.dtd">
<html xmlns="http://www.w3.org/1999/xhtml" xml:lang="en" lang="en">
 <head>
  <title>
</title>
<meta http-equiv="Content-Type" content="text/html;charset=utf-8" />
  <meta name='ocr-system' content='tesseract 3.04.00' />
  <meta name='ocr-capabilities' content='ocr_page ocr_carea ocr_par ocr_line ocrx_word'/>
</head>
<body>
  <div class='ocr_page' id='page_1' title='image "./vitavigliiabayt00papegoog_0374.png"; bbox 0 0 3984 5167; ppageno 0'>
   <div class='ocr_carea' id='block_1_1' title="bbox 411 504 1571 659">
    <p class='ocr_par' dir='ltr' id='par_1_1' title="bbox 411 504 1571 659">
     <span class='ocr_line' id='line_1_1' title="bbox 411 504 1571 659; baseline -0.003 -52"><span class='ocrx_word' id='word_1_1' title='bbox 411 508 708 606; x_wconf 70' lang='lat' dir='ltr'>runnu</span> <span class='ocrx_word' id='word_1_2' title='bbox 778 504 1453 639; x_wconf 67' lang='lat' dir='ltr'>obrutus-3⁶,-</span> <span class='ocrx_word' id='word_1_3' title='bbox 1562 652 1571 659; x_wconf 13' lang='grc' dir='ltr'>ι</span> 
     </span>
    </p>
   </div>
   <div class='ocr_carea' id='block_1_2' title="bbox 199 704 1593 4353">
    <p class='ocr_par' dir='ltr' id='par_1_2' title="bbox 242 704 1593 1089">
     <span class='ocr_line' id='line_1_2' title="bbox 247 704 1593 815; baseline 0.011 -34"><span class='ocrx_word' id='word_1_4' title='bbox 247 753 277 801; x_wconf 85' lang='grc'>,,</span> <span class='ocrx_word' id='word_1_5' title='bbox 299 724 373 781; x_wconf 90' lang='lat' dir='ltr'>rum</span> <span class='ocrx_word' id='word_1_6' title='bbox 394 704 612 780; x_wconf 87' lang='lat' dir='ltr'>subditorum</span> <span class='ocrx_word' id='word_1_7' title='bbox 637 722 801 801; x_wconf 88' lang='lat' dir='ltr'>appetat,</span> <span class='ocrx_word' id='word_1_8' title='bbox 828 705 939 779; x_wconf 90' lang='lat' dir='ltr'>multo</span> <span class='ocrx_word' id='word_1_9' title='bbox 964 725 1024 779; x_wconf 92' lang='lat' dir='ltr'>ant</span> <span class='ocrx_word' id='word_1_10' title='bbox 1049 704 1183 796; x_wconf 80' lang='lat' dir='ltr'>minus,</span> <span class='ocrx_word' id='word_1_11' title='bbox 1208 712 1304 803; x_wconf 90' lang='lat' dir='ltr'>quod</span> <span class='ocrx_word' id='word_1_12' title='bbox 1329 715 1445 815; x_wconf 87' lang='lat' dir='ltr'>rigore</span> <span class='ocrx_word' id='word_1_13' title='bbox 1489 736 1593 814; x_wconf 76' lang='lat'>1579.</span> 
     </span>
     <span class='ocr_line' id='line_1_3' title="bbox 245 798 1442 899; baseline 0.013 -25"><span class='ocrx_word' id='word_1_14' title='bbox 245 850 274 897; x_wconf 90' lang='lat'>„</span> <span class='ocrx_word' id='word_1_15' title='bbox 296 802 508 898; x_wconf 83' lang='lat' dir='ltr'>superiorum</span> <span class='ocrx_word' id='word_1_16' title='bbox 528 802 737 899; x_wconf 91' lang='lat' dir='ltr'>placitorum</span> <span class='ocrx_word' id='word_1_17' title='bbox 754 799 848 896; x_wconf 81' lang='lat' dir='ltr'>ipson</span> <span class='ocrx_word' id='word_1_18' title='bbox 862 798 1098 899; x_wconf 85' lang='lat' dir='ltr'>perstringere</span> <span class='ocrx_word' id='word_1_19' title='bbox 1113 804 1346 899; x_wconf 84' lang='lat' dir='ltr'>constituerit,</span> <span class='ocrx_word' id='word_1_20' title='bbox 1362 838 1442 889; x_wconf 88' lang='lat' dir='ltr'>cum</span> 
     </span>
     <span class='ocr_line' id='line_1_4' title="bbox 243 894 1443 994; baseline 0.006 -22"><span class='ocrx_word' id='word_1_21' title='bbox 243 944 273 991; x_wconf 89' lang='lat'>„</span> <span class='ocrx_word' id='word_1_22' title='bbox 294 902 349 972; x_wconf 90' lang='lat' dir='ltr'>vel</span> <span class='ocrx_word' id='word_1_23' title='bbox 366 900 470 972; x_wconf 86' lang='lat' dir='ltr'>etiam</span> <span class='ocrx_word' id='word_1_24' title='bbox 502 896 724 993; x_wconf 68' lang='lat' dir='ltr'>paratissimus</span> <span class='ocrx_word' id='word_1_25' title='bbox 746 894 808 986; x_wconf 87' lang='lat' dir='ltr'>lit,</span> <span class='ocrx_word' id='word_1_26' title='bbox 834 920 874 971; x_wconf 88' lang='lat' dir='ltr'>ea</span> <span class='ocrx_word' id='word_1_27' title='bbox 889 896 961 993; x_wconf 90' lang='lat' dir='ltr'>ipsa</span> <span class='ocrx_word' id='word_1_28' title='bbox 982 900 1116 994; x_wconf 80' lang='lat' dir='ltr'>‚placita</span> <span class='ocrx_word' id='word_1_29' title='bbox 1135 924 1179 972; x_wconf 86' lang='lat' dir='ltr'>err</span> <span class='ocrx_word' id='word_1_30' title='bbox 1212 904 1354 979; x_wconf 87' lang='lat' dir='ltr'>consrlio</span> <span class='ocrx_word' id='word_1_31' title='bbox 1372 909 1443 987; x_wconf 92' lang='lat' dir='ltr'>Ot-</span> 
     </span>
     <span class='ocr_line' id='line_1_5' title="bbox 242 992 1300 1089; baseline 0.007 -22"><span class='ocrx_word' id='word_1_32' title='bbox 242 1041 270 1087; x_wconf 84' lang='lat'>,‚</span> <span class='ocrx_word' id='word_1_33' title='bbox 292 996 411 1067; x_wconf 91' lang='lat' dir='ltr'>dinum</span> <span class='ocrx_word' id='word_1_34' title='bbox 422 992 541 1069; x_wconf 87' lang='lat' dir='ltr'>Status</span> <span class='ocrx_word' id='word_1_35' title='bbox 566 1013 808 1088; x_wconf 83' lang='lat' dir='ltr'>competenter</span> <span class='ocrx_word' id='word_1_36' title='bbox 832 1010 1026 1089; x_wconf 86' lang='lat' dir='ltr'>temperare</span> <span class='ocrx_word' id='word_1_37' title='bbox 1051 1019 1093 1068; x_wconf 92' lang='lat' dir='ltr'>ac</span> <span class='ocrx_word' id='word_1_38' title='bbox 1119 1000 1300 1074; x_wconf 86' lang='lat' dir='ltr'>moderari.</span> 
     </span>
    </p>

    <p class='ocr_par' dir='ltr' id='par_1_3' title="bbox 236 1088 1443 2050">
     <span class='ocr_line' id='line_1_6' title="bbox 289 1088 1443 1183; baseline 0.01 -19"><span class='ocrx_word' id='word_1_39' title='bbox 289 1139 318 1179; x_wconf 89' lang='lat'>„</span> <span class='ocrx_word' id='word_1_40' title='bbox 340 1089 383 1164; x_wconf 89' lang='lat' dir='ltr'>C.</span> <span class='ocrx_word' id='word_1_41' title='bbox 409 1088 520 1179; x_wconf 88' lang='lat' dir='ltr'>Quod</span> <span class='ocrx_word' id='word_1_42' title='bbox 541 1088 671 1183; x_wconf 79' lang='lat' dir='ltr'>spesiat</span> <span class='ocrx_word' id='word_1_43' title='bbox 690 1088 735 1163; x_wconf 89' lang='lat' dir='ltr'>ad</span> <span class='ocrx_word' id='word_1_44' title='bbox 765 1092 1014 1165; x_wconf 83' lang='lat' dir='ltr'>&#39;authoritatem</span> <span class='ocrx_word' id='word_1_45' title='bbox 1046 1091 1084 1163; x_wconf 75' lang='grc' dir='ltr'>δι</span> <span class='ocrx_word' id='word_1_46' title='bbox 1111 1092 1342 1169; x_wconf 86' lang='lat' dir='ltr'>obedientiam</span> <span class='ocrx_word' id='word_1_47' title='bbox 1360 1096 1443 1174; x_wconf 86' lang='lat' dir='ltr'>Suae</span> 
     </span>
     <span class='ocr_line' id='line_1_7' title="bbox 238 1182 1440 1281; baseline 0.011 -24"><span class='ocrx_word' id='word_1_48' title='bbox 238 1234 267 1281; x_wconf 90' lang='lat'>„</span> <span class='ocrx_word' id='word_1_49' title='bbox 288 1183 463 1281; x_wconf 83' lang='lat' dir='ltr'>Majestati</span> <span class='ocrx_word' id='word_1_50' title='bbox 478 1188 498 1260; x_wconf 77' lang='lat' dir='ltr'>i</span> <span class='ocrx_word' id='word_1_51' title='bbox 515 1185 583 1259; x_wconf 87' lang='lat' dir='ltr'>suis</span> <span class='ocrx_word' id='word_1_52' title='bbox 600 1182 746 1257; x_wconf 87' lang='lat' dir='ltr'>subditis</span> <span class='ocrx_word' id='word_1_53' title='bbox 767 1186 863 1256; x_wconf 93' lang='lat' dir='ltr'>omni</span> <span class='ocrx_word' id='word_1_54' title='bbox 882 1190 959 1276; x_wconf 84' lang='lat' dir='ltr'>jure</span> <span class='ocrx_word' id='word_1_55' title='bbox 979 1188 1101 1261; x_wconf 85' lang='lat' dir='ltr'>divino</span> <span class='ocrx_word' id='word_1_56' title='bbox 1131 1186 1171 1262; x_wconf 77' lang='grc' dir='ltr'>δι</span> <span class='ocrx_word' id='word_1_57' title='bbox 1202 1189 1375 1277; x_wconf 89' lang='lat' dir='ltr'>humano,</span> <span class='ocrx_word' id='word_1_58' title='bbox 1399 1217 1440 1270; x_wconf 91' lang='lat' dir='ltr'>ut</span> 
     </span>
     <span class='ocr_line' id='line_1_8' title="bbox 239 1277 1442 1377; baseline 0.008 -22"><span class='ocrx_word' id='word_1_59' title='bbox 239 1330 268 1376; x_wconf 88' lang='lat'>,‚</span> <span class='ocrx_word' id='word_1_60' title='bbox 290 1278 445 1377; x_wconf 88' lang='lat' dir='ltr'>Principi</span> <span class='ocrx_word' id='word_1_61' title='bbox 463 1280 608 1355; x_wconf 87' lang='lat' dir='ltr'>naturali</span> <span class='ocrx_word' id='word_1_62' title='bbox 626 1277 840 1373; x_wconf 80' lang='lat' dir='ltr'>legitimo&amp;</span> <span class='ocrx_word' id='word_1_63' title='bbox 859 1282 1041 1376; x_wconf 87' lang='lat' dir='ltr'>supremo,</span> <span class='ocrx_word' id='word_1_64' title='bbox 1067 1284 1240 1373; x_wconf 87' lang='lat' dir='ltr'>debitam,</span> <span class='ocrx_word' id='word_1_65' title='bbox 1263 1289 1322 1363; x_wconf 88' lang='lat' dir='ltr'>illa</span> <span class='ocrx_word' id='word_1_66' title='bbox 1344 1313 1442 1364; x_wconf 89' lang='lat' dir='ltr'>cnm·</span> 
     </span>
     <span class='ocr_line' id='line_1_9' title="bbox 238 1373 1440 1473; baseline -0.003 -25"><span class='ocrx_word' id='word_1_67' title='bbox 238 1379 409 1473; x_wconf 89' lang='lat' dir='ltr'>„primis</span> <span class='ocrx_word' id='word_1_68' title='bbox 434 1377 629 1450; x_wconf 89' lang='lat' dir='ltr'>restituetur</span> <span class='ocrx_word' id='word_1_69' title='bbox 655 1377 694 1449; x_wconf 77' lang='grc' dir='ltr'>δι</span> <span class='ocrx_word' id='word_1_70' title='bbox 716 1373 928 1459; x_wconf 87' lang='lat' dir='ltr'>servabitur,</span> <span class='ocrx_word' id='word_1_71' title='bbox 955 1380 1065 1472; x_wconf 82' lang='lat' dir='ltr'>qualis</span> <span class='ocrx_word' id='word_1_72' title='bbox 1091 1383 1216 1455; x_wconf 89' lang='lat' dir='ltr'>merito</span> <span class='ocrx_word' id='word_1_73' title='bbox 1247 1388 1350 1460; x_wconf 82' lang='lat' dir='ltr'>etiam</span> <span class='ocrx_word' id='word_1_74' title='bbox 1379 1389 1440 1462; x_wconf 84' lang='lat' dir='ltr'>de.</span> 
     </span>
     <span class='ocr_line' id='line_1_10' title="bbox 239 1468 1442 1569; baseline 0.009 -24"><span class='ocrx_word' id='word_1_75' title='bbox 239 1522 267 1569; x_wconf 89' lang='lat'>„</span> <span class='ocrx_word' id='word_1_76' title='bbox 288 1476 370 1558; x_wconf 89' lang='lat' dir='ltr'>bet,</span> <span class='ocrx_word' id='word_1_77' title='bbox 394 1470 571 1569; x_wconf 86' lang='lat' dir='ltr'>qualisque</span> <span class='ocrx_word' id='word_1_78' title='bbox 588 1472 670 1543; x_wconf 90' lang='lat' dir='ltr'>olim</span> <span class='ocrx_word' id='word_1_79' title='bbox 690 1468 824 1545; x_wconf 85' lang='lat' dir='ltr'>servata</span> <span class='ocrx_word' id='word_1_80' title='bbox 851 1472 923 1558; x_wconf 71' lang='lat' dir='ltr'>est,</span> <span class='ocrx_word' id='word_1_81' title='bbox 948 1495 987 1545; x_wconf 91' lang='lat' dir='ltr'>ut</span> <span class='ocrx_word' id='word_1_82' title='bbox 1016 1472 1111 1547; x_wconf 75' lang='lat' dir='ltr'>reiie‘</span> <span class='ocrx_word' id='word_1_83' title='bbox 1145 1478 1307 1553; x_wconf 92' lang='lat' dir='ltr'>nimitum</span> <span class='ocrx_word' id='word_1_84' title='bbox 1333 1484 1442 1555; x_wconf 88' lang='lat' dir='ltr'>admi·</span> 
     </span>
     <span class='ocr_line' id='line_1_11' title="bbox 238 1565 1440 1673; baseline 0.008 -32"><span class='ocrx_word' id='word_1_85' title='bbox 238 1617 268 1664; x_wconf 88' lang='lat'>,‚</span> <span class='ocrx_word' id='word_1_86' title='bbox 289 1568 449 1643; x_wconf 85' lang='lat' dir='ltr'>nistretur</span> <span class='ocrx_word' id='word_1_87' title='bbox 472 1566 624 1663; x_wconf 89' lang='lat' dir='ltr'>justitia,</span> <span class='ocrx_word' id='word_1_88' title='bbox 648 1565 775 1639; x_wconf 91' lang='lat' dir='ltr'>subditi</span> <span class='ocrx_word' id='word_1_89' title='bbox 790 1588 954 1662; x_wconf 87' lang='lat' dir='ltr'>regantur</span> <span class='ocrx_word' id='word_1_90' title='bbox 970 1569 1009 1639; x_wconf 90' lang='lat' dir='ltr'>in</span> <span class='ocrx_word' id='word_1_91' title='bbox 1038 1572 1133 1641; x_wconf 92' lang='lat' dir='ltr'>omni</span> <span class='ocrx_word' id='word_1_92' title='bbox 1152 1574 1306 1658; x_wconf 87' lang='lat' dir='ltr'>ratione,</span> <span class='ocrx_word' id='word_1_93' title='bbox 1331 1578 1440 1673; x_wconf 78' lang='lat' dir='ltr'>aequi·</span> 
     </span>
     <span class='ocr_line' id='line_1_12' title="bbox 238 1662 1440 1761; baseline 0.008 -23"><span class='ocrx_word' id='word_1_94' title='bbox 238 1714 268 1761; x_wconf 88' lang='lat'>„</span> <span class='ocrx_word' id='word_1_95' title='bbox 291 1684 383 1751; x_wconf 92' lang='lat' dir='ltr'>tate,</span> <span class='ocrx_word' id='word_1_96' title='bbox 416 1665 533 1759; x_wconf 88' lang='lat' dir='ltr'>quiete</span> <span class='ocrx_word' id='word_1_97' title='bbox 565 1662 602 1737; x_wconf 80' lang='lat' dir='ltr'>dt</span> <span class='ocrx_word' id='word_1_98' title='bbox 636 1664 855 1753; x_wconf 85' lang='lat' dir='ltr'>obedientia,</span> <span class='ocrx_word' id='word_1_99' title='bbox 880 1664 988 1758; x_wconf 93' lang='lat' dir='ltr'>idque</span> <span class='ocrx_word' id='word_1_100' title='bbox 1012 1665 1056 1736; x_wconf 89' lang='lat' dir='ltr'>ad</span> <span class='ocrx_word' id='word_1_101' title='bbox 1084 1688 1159 1738; x_wconf 90' lang='lat' dir='ltr'>eam</span> <span class='ocrx_word' id='word_1_102' title='bbox 1191 1668 1337 1743; x_wconf 90' lang='lat' dir='ltr'>sormam</span> <span class='ocrx_word' id='word_1_103' title='bbox 1365 1696 1440 1749; x_wconf 93' lang='lat' dir='ltr'>mo·</span> 
     </span>
     <span class='ocr_line' id='line_1_13' title="bbox 237 1756 1439 1857; baseline 0.007 -22"><span class='ocrx_word' id='word_1_104' title='bbox 237 1810 266 1857; x_wconf 84' lang='lat'>,‚</span> <span class='ocrx_word' id='word_1_105' title='bbox 288 1764 464 1856; x_wconf 89' lang='lat' dir='ltr'>dumque,</span> <span class='ocrx_word' id='word_1_106' title='bbox 489 1782 562 1856; x_wconf 83' lang='lat' dir='ltr'>quo</span> <span class='ocrx_word' id='word_1_107' title='bbox 578 1756 706 1833; x_wconf 74' lang='lat' dir='ltr'>fastum</span> <span class='ocrx_word' id='word_1_108' title='bbox 726 1758 774 1833; x_wconf 90' lang='lat' dir='ltr'>est</span> <span class='ocrx_word' id='word_1_109' title='bbox 801 1760 845 1831; x_wconf 88' lang='lat' dir='ltr'>ab</span> <span class='ocrx_word' id='word_1_110' title='bbox 865 1760 960 1833; x_wconf 92' lang='lat' dir='ltr'>omni</span> <span class='ocrx_word' id='word_1_111' title='bbox 986 1764 1165 1849; x_wconf 89' lang='lat' dir='ltr'>memoria,</span> <span class='ocrx_word' id='word_1_112' title='bbox 1190 1785 1259 1837; x_wconf 90' lang='lat' dir='ltr'>tam</span> <span class='ocrx_word' id='word_1_113' title='bbox 1284 1766 1439 1843; x_wconf 65' lang='lat' dir='ltr'>defuncti</span> 
     </span>
     <span class='ocr_line' id='line_1_14' title="bbox 236 1856 1437 1957; baseline 0.007 -28"><span class='ocrx_word' id='word_1_114' title='bbox 236 1908 265 1955; x_wconf 88' lang='lat'>„</span> <span class='ocrx_word' id='word_1_115' title='bbox 287 1856 515 1952; x_wconf 86' lang='lat' dir='ltr'>Imperatoris</span> <span class='ocrx_word' id='word_1_116' title='bbox 543 1857 645 1929; x_wconf 82' lang='lat' dir='ltr'>Caroli</span> <span class='ocrx_word' id='word_1_117' title='bbox 677 1856 816 1957; x_wconf 65' lang='lat' dir='ltr'>Quinti,</span> <span class='ocrx_word' id='word_1_118' title='bbox 851 1879 956 1950; x_wconf 91' lang='lat' dir='ltr'>quam</span> <span class='ocrx_word' id='word_1_119' title='bbox 988 1858 1092 1929; x_wconf 91' lang='lat' dir='ltr'>etiam</span> <span class='ocrx_word' id='word_1_120' title='bbox 1123 1857 1204 1929; x_wconf 85' lang='lat' dir='ltr'>Suae</span> <span class='ocrx_word' id='word_1_121' title='bbox 1225 1860 1437 1955; x_wconf 76' lang='lat' dir='ltr'>Maiestatis,</span> 
     </span>
     <span class='ocr_line' id='line_1_15' title="bbox 236 1950 1438 2050; baseline 0.007 -24"><span class='ocrx_word' id='word_1_122' title='bbox 236 2003 265 2050; x_wconf 87' lang='lat'>,‚</span> <span class='ocrx_word' id='word_1_123' title='bbox 286 1952 397 2049; x_wconf 87' lang='lat' dir='ltr'>usquc</span> <span class='ocrx_word' id='word_1_124' title='bbox 422 1954 464 2027; x_wconf 86' lang='lat' dir='ltr'>ad</span> <span class='ocrx_word' id='word_1_125' title='bbox 484 1955 605 2027; x_wconf 89' lang='lat' dir='ltr'>hatum</span> <span class='ocrx_word' id='word_1_126' title='bbox 627 1956 807 2026; x_wconf 88' lang='lat' dir='ltr'>turbatum</span> <span class='ocrx_word' id='word_1_127' title='bbox 831 1953 984 2024; x_wconf 90' lang='lat' dir='ltr'>initium:</span> <span class='ocrx_word' id='word_1_128' title='bbox 1010 1950 1082 2025; x_wconf 87' lang='lat' dir='ltr'>fine</span> <span class='ocrx_word' id='word_1_129' title='bbox 1101 1953 1197 2049; x_wconf 85' lang='lat' dir='ltr'>cnjus</span> <span class='ocrx_word' id='word_1_130' title='bbox 1216 1958 1438 2034; x_wconf 74' lang='lat' dir='ltr'>authoritatis</span> 
     </span>
    </p>

    <p class='ocr_par' dir='ltr' id='par_1_4' title="bbox 199 2040 1438 2339">
     <span class='ocr_line' id='line_1_16' title="bbox 199 2040 1438 2151; baseline 0.003 -26"><span class='ocrx_word' id='word_1_131' title='bbox 199 2040 216 2073; x_wconf 73' lang='grc'>’“</span> <span class='ocrx_word' id='word_1_132' title='bbox 237 2099 266 2145; x_wconf 86' lang='grc'>,,</span> <span class='ocrx_word' id='word_1_133' title='bbox 287 2050 556 2136; x_wconf 88' lang='lat' dir='ltr'>instauratione,</span> <span class='ocrx_word' id='word_1_134' title='bbox 580 2046 851 2122; x_wconf 77' lang='lat' dir='ltr'>atsubditorum</span> <span class='ocrx_word' id='word_1_135' title='bbox 869 2048 1284 2143; x_wconf 87' lang='lat' dir='ltr'>obedientiaimpollibile</span> <span class='ocrx_word' id='word_1_136' title='bbox 1299 2052 1348 2127; x_wconf 86' lang='lat' dir='ltr'>cst</span> <span class='ocrx_word' id='word_1_137' title='bbox 1371 2078 1438 2151; x_wconf 92' lang='lat' dir='ltr'>po·</span> 
     </span>
     <span class='ocr_line' id='line_1_17' title="bbox 237 2142 1438 2247; baseline 0.004 -26"><span class='ocrx_word' id='word_1_138' title='bbox 237 2196 264 2241; x_wconf 88' lang='lat'>,‚</span> <span class='ocrx_word' id='word_1_139' title='bbox 286 2150 410 2244; x_wconf 92' lang='lat' dir='ltr'>pulum</span> <span class='ocrx_word' id='word_1_140' title='bbox 436 2148 472 2219; x_wconf 94' lang='lat' dir='ltr'>in</span> <span class='ocrx_word' id='word_1_141' title='bbox 504 2142 655 2233; x_wconf 85' lang='lat' dir='ltr'>unione,</span> <span class='ocrx_word' id='word_1_142' title='bbox 681 2145 890 2234; x_wconf 88' lang='lat' dir='ltr'>eoncordia,</span> <span class='ocrx_word' id='word_1_143' title='bbox 916 2146 1078 2240; x_wconf 74' lang='lat' dir='ltr'>testaque</span> <span class='ocrx_word' id='word_1_144' title='bbox 1103 2144 1265 2241; x_wconf 84' lang='lat' dir='ltr'>justitia,</span> <span class='ocrx_word' id='word_1_145' title='bbox 1289 2154 1438 2247; x_wconf 90' lang='lat' dir='ltr'>quiete,</span> 
     </span>
     <span class='ocr_line' id='line_1_18' title="bbox 237 2243 818 2339; baseline -0.007 -22"><span class='ocrx_word' id='word_1_146' title='bbox 237 2290 265 2339; x_wconf 83' lang='lat'>,‚</span> <span class='ocrx_word' id='word_1_147' title='bbox 286 2267 328 2319; x_wconf 85' lang='lat' dir='ltr'>ac</span> <span class='ocrx_word' id='word_1_148' title='bbox 354 2243 602 2337; x_wconf 86' lang='lat' dir='ltr'>tranquillitate</span> <span class='ocrx_word' id='word_1_149' title='bbox 626 2244 818 2315; x_wconf 89' lang='lat' dir='ltr'>continere.</span> 
     </span>
    </p>

    <p class='ocr_par' dir='ltr' id='par_1_5' title="bbox 234 2336 1435 3298">
     <span class='ocr_line' id='line_1_19' title="bbox 284 2336 1432 2435; baseline 0.006 -23"><span class='ocrx_word' id='word_1_150' title='bbox 284 2390 312 2435; x_wconf 87' lang='lat'>,‚</span> <span class='ocrx_word' id='word_1_151' title='bbox 337 2336 399 2412; x_wconf 91' lang='lat' dir='ltr'>Cl.</span> <span class='ocrx_word' id='word_1_152' title='bbox 425 2336 589 2435; x_wconf 86' lang='lat' dir='ltr'>Superest</span> <span class='ocrx_word' id='word_1_153' title='bbox 606 2337 650 2409; x_wconf 93' lang='lat' dir='ltr'>de</span> <span class='ocrx_word' id='word_1_154' title='bbox 665 2337 907 2431; x_wconf 84' lang='lat' dir='ltr'>gubernaculis</span> <span class='ocrx_word' id='word_1_155' title='bbox 923 2338 1141 2433; x_wconf 83' lang='lat' dir='ltr'>generalibus</span> <span class='ocrx_word' id='word_1_156' title='bbox 1157 2342 1324 2417; x_wconf 75' lang='lat' dir='ltr'>disiarum</span> <span class='ocrx_word' id='word_1_157' title='bbox 1344 2340 1432 2419; x_wconf 82' lang='lat' dir='ltr'>Pro-</span> 
     </span>
     <span class='ocr_line' id='line_1_20' title="bbox 235 2430 1434 2537; baseline 0.007 -29"><span class='ocrx_word' id='word_1_158' title='bbox 235 2482 264 2531; x_wconf 86' lang='lat'>„</span> <span class='ocrx_word' id='word_1_159' title='bbox 284 2437 475 2514; x_wconf 83' lang='lat' dir='ltr'>vinciarnm</span> <span class='ocrx_word' id='word_1_160' title='bbox 487 2460 498 2517; x_wconf 83' lang='lat'>3</span> <span class='ocrx_word' id='word_1_161' title='bbox 510 2454 652 2526; x_wconf 87' lang='lat' dir='ltr'>quarum</span> <span class='ocrx_word' id='word_1_162' title='bbox 671 2430 850 2507; x_wconf 82' lang='lat' dir='ltr'>occasione</span> <span class='ocrx_word' id='word_1_163' title='bbox 861 2435 928 2505; x_wconf 83' lang='lat' dir='ltr'>sna</span> <span class='ocrx_word' id='word_1_164' title='bbox 938 2434 1097 2529; x_wconf 76' lang='lat' dir='ltr'>Maiestas</span> <span class='ocrx_word' id='word_1_165' title='bbox 1115 2440 1220 2531; x_wconf 89' lang='lat' dir='ltr'>eliget</span> <span class='ocrx_word' id='word_1_166' title='bbox 1237 2436 1434 2537; x_wconf 88' lang='lat' dir='ltr'>Principem</span> 
     </span>
     <span class='ocr_line' id='line_1_21' title="bbox 235 2528 1432 2628; baseline 0.003 -22"><span class='ocrx_word' id='word_1_167' title='bbox 235 2582 264 2625; x_wconf 89' lang='lat'>„</span> <span class='ocrx_word' id='word_1_168' title='bbox 286 2528 596 2624; x_wconf 88' lang='lat' dir='ltr'>consanguineum,</span> <span class='ocrx_word' id='word_1_169' title='bbox 623 2528 682 2622; x_wconf 91' lang='lat' dir='ltr'>qni</span> <span class='ocrx_word' id='word_1_170' title='bbox 698 2531 856 2625; x_wconf 81' lang='lat' dir='ltr'>quamvis</span> <span class='ocrx_word' id='word_1_171' title='bbox 892 2552 1008 2601; x_wconf 87' lang='lat' dir='ltr'>rerum</span> <span class='ocrx_word' id='word_1_172' title='bbox 1026 2533 1241 2624; x_wconf 81' lang='lat' dir='ltr'>experientia</span> <span class='ocrx_word' id='word_1_173' title='bbox 1266 2539 1432 2628; x_wconf 86' lang='lat' dir='ltr'>pollens,</span> 
     </span>
     <span class='ocr_line' id='line_1_22' title="bbox 238 2624 1435 2720; baseline 0.007 -23"><span class='ocrx_word' id='word_1_174' title='bbox 238 2675 267 2720; x_wconf 92' lang='lat'>,‚</span> <span class='ocrx_word' id='word_1_175' title='bbox 291 2626 416 2699; x_wconf 84' lang='lat' dir='ltr'>babeat</span> <span class='ocrx_word' id='word_1_176' title='bbox 431 2624 530 2697; x_wconf 83' lang='lat' dir='ltr'>dotes</span> <span class='ocrx_word' id='word_1_177' title='bbox 549 2646 590 2697; x_wconf 90' lang='lat' dir='ltr'>ac</span> <span class='ocrx_word' id='word_1_178' title='bbox 612 2628 815 2717; x_wconf 85' lang='lat' dir='ltr'>qualitates,</span> <span class='ocrx_word' id='word_1_179' title='bbox 841 2624 884 2695; x_wconf 86' lang='lat' dir='ltr'>ad</span> <span class='ocrx_word' id='word_1_180' title='bbox 905 2629 977 2717; x_wconf 82' lang='lat' dir='ltr'>ejus</span> <span class='ocrx_word' id='word_1_181' title='bbox 995 2627 1129 2717; x_wconf 85' lang='lat' dir='ltr'>generis</span> <span class='ocrx_word' id='word_1_182' title='bbox 1146 2627 1292 2701; x_wconf 91' lang='lat' dir='ltr'>arduum</span> <span class='ocrx_word' id='word_1_183' title='bbox 1306 2654 1435 2705; x_wconf 84' lang='lat' dir='ltr'>munus</span> 
     </span>
     <span class='ocr_line' id='line_1_23' title="bbox 237 2717 1433 2819; baseline 0.004 -25"><span class='ocrx_word' id='word_1_184' title='bbox 237 2769 266 2816; x_wconf 88' lang='lat'>„</span> <span class='ocrx_word' id='word_1_185' title='bbox 288 2718 487 2819; x_wconf 87' lang='lat' dir='ltr'>cumprimis</span> <span class='ocrx_word' id='word_1_186' title='bbox 506 2717 727 2805; x_wconf 84' lang='lat' dir='ltr'>necessarias,</span> <span class='ocrx_word' id='word_1_187' title='bbox 747 2720 878 2813; x_wconf 90' lang='lat' dir='ltr'>dequo</span> <span class='ocrx_word' id='word_1_188' title='bbox 896 2717 954 2792; x_wconf 87' lang='lat' dir='ltr'>sen</span> <span class='ocrx_word' id='word_1_189' title='bbox 971 2744 1040 2813; x_wconf 89' lang='lat' dir='ltr'>qua</span> <span class='ocrx_word' id='word_1_190' title='bbox 1056 2718 1185 2794; x_wconf 89' lang='lat' dir='ltr'>subditi</span> <span class='ocrx_word' id='word_1_191' title='bbox 1209 2723 1332 2817; x_wconf 79' lang='lat' dir='ltr'>justam</span> <span class='ocrx_word' id='word_1_192' title='bbox 1351 2750 1433 2801; x_wconf 83' lang='lat' dir='ltr'>cau·</span> 
     </span>
     <span class='ocr_line' id='line_1_24' title="bbox 237 2814 1432 2913; baseline 0.005 -23"><span class='ocrx_word' id='word_1_193' title='bbox 237 2867 266 2913; x_wconf 84' lang='lat'>,‚</span> <span class='ocrx_word' id='word_1_194' title='bbox 288 2815 356 2890; x_wconf 91' lang='lat' dir='ltr'>sam</span> <span class='ocrx_word' id='word_1_195' title='bbox 374 2814 612 2891; x_wconf 67' lang='lat' dir='ltr'>satisfactionis</span> <span class='ocrx_word' id='word_1_196' title='bbox 632 2814 696 2890; x_wconf 89' lang='lat' dir='ltr'>fint</span> <span class='ocrx_word' id='word_1_197' title='bbox 714 2815 877 2889; x_wconf 85' lang='lat' dir='ltr'>habituri.</span> <span class='ocrx_word' id='word_1_198' title='bbox 925 2816 1181 2889; x_wconf 86' lang='lat' dir='ltr'>Gubetnnbunt</span> <span class='ocrx_word' id='word_1_199' title='bbox 1208 2844 1324 2893; x_wconf 85' lang='lat' dir='ltr'>autem</span> <span class='ocrx_word' id='word_1_200' title='bbox 1351 2846 1432 2896; x_wconf 92' lang='lat' dir='ltr'>cum</span> 
     </span>
     <span class='ocr_line' id='line_1_25' title="bbox 236 2908 1432 3010; baseline 0.006 -24"><span class='ocrx_word' id='word_1_201' title='bbox 236 2964 265 3010; x_wconf 88' lang='lat'><strong>„</strong></span> <span class='ocrx_word' id='word_1_202' title='bbox 288 2916 384 2986; x_wconf 88' lang='lat' dir='ltr'>omni</span> <span class='ocrx_word' id='word_1_203' title='bbox 402 2908 532 3007; x_wconf 84' lang='lat' dir='ltr'>justitia</span> <span class='ocrx_word' id='word_1_204' title='bbox 551 2912 588 2986; x_wconf 78' lang='grc' dir='ltr'>δι</span> <span class='ocrx_word' id='word_1_205' title='bbox 605 2916 783 3007; x_wconf 85' lang='lat' dir='ltr'>aeqnitato,</span> <span class='ocrx_word' id='word_1_206' title='bbox 808 2908 993 3005; x_wconf 78' lang='lat' dir='ltr'>praesertim</span> <span class='ocrx_word' id='word_1_207' title='bbox 1010 2915 1095 2987; x_wconf 86' lang='lat' dir='ltr'>verd</span> <span class='ocrx_word' id='word_1_208' title='bbox 1110 2912 1299 2990; x_wconf 90' lang='lat' dir='ltr'>secundum</span> <span class='ocrx_word' id='word_1_209' title='bbox 1317 2918 1432 3009; x_wconf 85' lang='lat' dir='ltr'>Usus,</span> 
     </span>
     <span class='ocr_line' id='line_1_26' title="bbox 237 3006 1429 3106; baseline 0.002 -23"><span class='ocrx_word' id='word_1_210' title='bbox 237 3060 266 3106; x_wconf 87' lang='lat'><strong>„</strong></span> <span class='ocrx_word' id='word_1_211' title='bbox 288 3011 389 3104; x_wconf 89' lang='lat' dir='ltr'>Jura,</span> <span class='ocrx_word' id='word_1_212' title='bbox 411 3008 685 3083; x_wconf 87' lang='lat' dir='ltr'>Consuetudiues</span> <span class='ocrx_word' id='word_1_213' title='bbox 712 3006 945 3103; x_wconf 84' lang='lat' dir='ltr'>&amp;l’tivilegia</span> <span class='ocrx_word' id='word_1_214' title='bbox 965 3011 1133 3083; x_wconf 72' lang='lat' dir='ltr'>distarnm</span> <span class='ocrx_word' id='word_1_215' title='bbox 1147 3007 1429 3100; x_wconf 82' lang='lat' dir='ltr'>Provinciarum&#39;,</span> 
     </span>
     <span class='ocr_line' id='line_1_27' title="bbox 234 3103 1428 3201; baseline 0.003 -22"><span class='ocrx_word' id='word_1_216' title='bbox 234 3156 263 3201; x_wconf 87' lang='lat'>,‚</span> <span class='ocrx_word' id='word_1_217' title='bbox 286 3110 388 3181; x_wconf 86' lang='lat' dir='ltr'>etiam</span> <span class='ocrx_word' id='word_1_218' title='bbox 404 3104 652 3201; x_wconf 88' lang='lat' dir='ltr'>comprehenso</span> <span class='ocrx_word' id='word_1_219' title='bbox 671 3108 740 3179; x_wconf 90' lang='lat' dir='ltr'>boc</span> <span class='ocrx_word' id='word_1_220' title='bbox 765 3103 941 3199; x_wconf 85' lang='lat' dir='ltr'>praesentis</span> <span class='ocrx_word' id='word_1_221' title='bbox 971 3107 1261 3183; x_wconf 87' lang='lat' dir='ltr'>reconciliationis</span> <span class='ocrx_word' id='word_1_222' title='bbox 1288 3108 1428 3200; x_wconf 71' lang='lat' dir='ltr'>edisio,</span> 
     </span>
     <span class='ocr_line' id='line_1_28' title="bbox 236 3202 1344 3298; baseline 0 -22"><span class='ocrx_word' id='word_1_223' title='bbox 236 3253 264 3298; x_wconf 85' lang='lat'>,‚</span> <span class='ocrx_word' id='word_1_224' title='bbox 287 3204 381 3298; x_wconf 93' lang='lat' dir='ltr'>quod</span> <span class='ocrx_word' id='word_1_225' title='bbox 398 3203 530 3297; x_wconf 92' lang='lat' dir='ltr'>pariter</span> <span class='ocrx_word' id='word_1_226' title='bbox 545 3203 756 3275; x_wconf 90' lang='lat' dir='ltr'>tenebuntur</span> <span class='ocrx_word' id='word_1_227' title='bbox 770 3202 977 3295; x_wconf 84' lang='lat' dir='ltr'>promittere</span> <span class='ocrx_word' id='word_1_228' title='bbox 994 3226 1036 3275; x_wconf 84' lang='lat' dir='ltr'>ac</span> <span class='ocrx_word' id='word_1_229' title='bbox 1050 3203 1176 3295; x_wconf 82' lang='lat' dir='ltr'>jurare.</span> <span class='ocrx_word' id='word_1_230' title='bbox 1334 3206 1344 3221; x_wconf 86' lang='lat'>&#39;</span> 
     </span>
    </p>

    <p class='ocr_par' dir='ltr' id='par_1_6' title="bbox 231 3297 1446 4353">
     <span class='ocr_line' id='line_1_29' title="bbox 285 3297 1428 3394; baseline 0.003 -22"><span class='ocrx_word' id='word_1_231' title='bbox 285 3347 312 3389; x_wconf 86' lang='lat'>‚,</span> <span class='ocrx_word' id='word_1_232' title='bbox 334 3298 415 3372; x_wconf 90' lang='lat' dir='ltr'>CII.</span> <span class='ocrx_word' id='word_1_233' title='bbox 448 3300 490 3371; x_wconf 90' lang='lat' dir='ltr'>ln</span> <span class='ocrx_word' id='word_1_234' title='bbox 514 3300 612 3394; x_wconf 88' lang='lat' dir='ltr'>cujus</span> <span class='ocrx_word' id='word_1_235' title='bbox 632 3297 773 3393; x_wconf 90' lang='lat' dir='ltr'>quidem</span> <span class='ocrx_word' id='word_1_236' title='bbox 790 3300 961 3392; x_wconf 84' lang='lat' dir='ltr'>generalis</span> <span class='ocrx_word' id='word_1_237' title='bbox 979 3299 1241 3391; x_wconf 85' lang='lat' dir='ltr'>gubernationis</span> <span class='ocrx_word' id='word_1_238' title='bbox 1258 3298 1428 3394; x_wconf 88' lang='lat' dir='ltr'>potestate</span> 
     </span>
     <span class='ocr_line' id='line_1_30' title="bbox 233 3388 1446 3488; baseline 0.006 -24"><span class='ocrx_word' id='word_1_239' title='bbox 233 3441 262 3486; x_wconf 88' lang='lat'>,‚</span> <span class='ocrx_word' id='word_1_240' title='bbox 282 3397 372 3465; x_wconf 90' lang='lat' dir='ltr'>citra</span> <span class='ocrx_word' id='word_1_241' title='bbox 387 3397 586 3469; x_wconf 87' lang='lat' dir='ltr'>ulteriorem</span> <span class='ocrx_word' id='word_1_242' title='bbox 602 3392 870 3482; x_wconf 68' lang='lat' dir='ltr'>haesitationem,</span> <span class='ocrx_word' id='word_1_243' title='bbox 895 3396 1000 3487; x_wconf 89' lang='lat' dir='ltr'>plene</span> <span class='ocrx_word' id='word_1_244' title='bbox 1023 3388 1062 3464; x_wconf 78' lang='lat' dir='ltr'>dt</span> <span class='ocrx_word' id='word_1_245' title='bbox 1087 3394 1225 3488; x_wconf 76' lang='lat' dir='ltr'>integre</span> <span class='ocrx_word' id='word_1_246' title='bbox 1252 3400 1446 3471; x_wconf 76' lang='lat' dir='ltr'>tradentur</span> 
     </span>
     <span class='ocr_line' id='line_1_31' title="bbox 233 3489 1428 3587; baseline 0.002 -25"><span class='ocrx_word' id='word_1_247' title='bbox 233 3538 261 3582; x_wconf 87' lang='lat'>„</span> <span class='ocrx_word' id='word_1_248' title='bbox 283 3512 405 3562; x_wconf 88' lang='lat' dir='ltr'>omnes</span> <span class='ocrx_word' id='word_1_249' title='bbox 422 3491 458 3563; x_wconf 75' lang='grc' dir='ltr'>δι</span> <span class='ocrx_word' id='word_1_250' title='bbox 477 3489 617 3583; x_wconf 84' lang='lat' dir='ltr'>srngulte</span> <span class='ocrx_word' id='word_1_251' title='bbox 636 3490 820 3577; x_wconf 88' lang='lat' dir='ltr'>civitates,</span> <span class='ocrx_word' id='word_1_252' title='bbox 839 3491 956 3572; x_wconf 89' lang='lat' dir='ltr'>urbes,</span> <span class='ocrx_word' id='word_1_253' title='bbox 973 3511 1092 3573; x_wconf 86' lang='lat' dir='ltr'>arces,</span> <span class='ocrx_word' id='word_1_254' title='bbox 1110 3490 1147 3563; x_wconf 79' lang='grc' dir='ltr'>δι</span> <span class='ocrx_word' id='word_1_255' title='bbox 1170 3492 1235 3563; x_wconf 89' lang='lat' dir='ltr'>alia</span> <span class='ocrx_word' id='word_1_256' title='bbox 1246 3494 1335 3577; x_wconf 81' lang='lat' dir='ltr'>loca,</span> <span class='ocrx_word' id='word_1_257' title='bbox 1345 3514 1428 3587; x_wconf 85' lang='lat' dir='ltr'>quae</span> 
     </span>
     <span class='ocr_line' id='line_1_32' title="bbox 233 3584 1426 3681; baseline 0.002 -24"><span class='ocrx_word' id='word_1_258' title='bbox 233 3634 261 3681; x_wconf 87' lang='lat'>,‚</span> <span class='ocrx_word' id='word_1_259' title='bbox 285 3586 328 3657; x_wconf 92' lang='lat' dir='ltr'>ab</span> <span class='ocrx_word' id='word_1_260' title='bbox 359 3608 427 3659; x_wconf 85' lang='lat' dir='ltr'>una</span> <span class='ocrx_word' id='word_1_261' title='bbox 448 3589 600 3659; x_wconf 87' lang='lat' dir='ltr'>alterave</span> <span class='ocrx_word' id='word_1_262' title='bbox 625 3606 725 3681; x_wconf 87' lang='lat' dir='ltr'>parte</span> <span class='ocrx_word' id='word_1_263' title='bbox 753 3607 976 3680; x_wconf 89' lang='lat' dir='ltr'>quocumque</span> <span class='ocrx_word' id='word_1_264' title='bbox 998 3584 1100 3659; x_wconf 89' lang='lat' dir='ltr'>titulo</span> <span class='ocrx_word' id='word_1_265' title='bbox 1118 3609 1178 3661; x_wconf 92' lang='lat' dir='ltr'>aut</span> <span class='ocrx_word' id='word_1_266' title='bbox 1194 3608 1364 3681; x_wconf 84' lang='lat' dir='ltr'>praetcxtu</span> <span class='ocrx_word' id='word_1_267' title='bbox 1389 3592 1426 3659; x_wconf 92' lang='lat' dir='ltr'>in</span> 
     </span>
     <span class='ocr_line' id='line_1_33' title="bbox 233 3678 1426 3779; baseline 0.002 -26"><span class='ocrx_word' id='word_1_268' title='bbox 233 3732 261 3777; x_wconf 87' lang='lat'>„</span> <span class='ocrx_word' id='word_1_269' title='bbox 284 3678 463 3777; x_wconf 85' lang='lat' dir='ltr'>ptaesentia</span> <span class='ocrx_word' id='word_1_270' title='bbox 480 3702 656 3769; x_wconf 88' lang='lat' dir='ltr'>tenentur,</span> <span class='ocrx_word' id='word_1_271' title='bbox 681 3704 843 3755; x_wconf 86' lang='lat' dir='ltr'>unacum</span> <span class='ocrx_word' id='word_1_272' title='bbox 861 3683 1072 3775; x_wconf 87' lang='lat' dir='ltr'>patrimonio</span> <span class='ocrx_word' id='word_1_273' title='bbox 1086 3684 1130 3753; x_wconf 90' lang='lat' dir='ltr'>ad</span> <span class='ocrx_word' id='word_1_274' title='bbox 1148 3683 1249 3757; x_wconf 89' lang='lat' dir='ltr'>Suam</span> <span class='ocrx_word' id='word_1_275' title='bbox 1266 3683 1426 3779; x_wconf 77' lang='lat' dir='ltr'>Maiesta-</span> 
     </span>
     <span class='ocr_line' id='line_1_34' title="bbox 232 3776 1426 3875; baseline 0.001 -25"><span class='ocrx_word' id='word_1_276' title='bbox 232 3830 260 3875; x_wconf 88' lang='lat'>„</span> <span class='ocrx_word' id='word_1_277' title='bbox 284 3799 353 3851; x_wconf 87' lang='lat' dir='ltr'>tem</span> <span class='ocrx_word' id='word_1_278' title='bbox 367 3778 582 3873; x_wconf 86' lang='lat' dir='ltr'>pertinente,</span> <span class='ocrx_word' id='word_1_279' title='bbox 604 3778 851 3872; x_wconf 82' lang='lat' dir='ltr'>tormentisque</span> <span class='ocrx_word' id='word_1_280' title='bbox 876 3776 1031 3865; x_wconf 89' lang='lat' dir='ltr'>bellicis,</span> <span class='ocrx_word' id='word_1_281' title='bbox 1051 3780 1313 3861; x_wconf 87' lang='lat' dir='ltr'>munitionibus,</span> <span class='ocrx_word' id='word_1_282' title='bbox 1330 3801 1426 3851; x_wconf 89' lang='lat' dir='ltr'>oom-</span> 
     </span>
     <span class='ocr_line' id='line_1_35' title="bbox 233 3872 1427 3970; baseline -0.003 -23"><span class='ocrx_word' id='word_1_283' title='bbox 233 3925 260 3970; x_wconf 91' lang='lat'>„</span> <span class='ocrx_word' id='word_1_284' title='bbox 284 3874 469 3959; x_wconf 87' lang='lat' dir='ltr'>meatibus,</span> <span class='ocrx_word' id='word_1_285' title='bbox 495 3875 597 3949; x_wconf 84' lang='lat' dir='ltr'>armis</span> <span class='ocrx_word' id='word_1_286' title='bbox 615 3876 652 3948; x_wconf 76' lang='grc' dir='ltr'>δι</span> <span class='ocrx_word' id='word_1_287' title='bbox 669 3874 835 3957; x_wconf 85' lang='lat' dir='ltr'>navibus,</span> <span class='ocrx_word' id='word_1_288' title='bbox 855 3893 893 3945; x_wconf 91' lang='lat' dir='ltr'>nt</span> <span class='ocrx_word' id='word_1_289' title='bbox 922 3876 1082 3947; x_wconf 89' lang='lat' dir='ltr'>nimirum</span> <span class='ocrx_word' id='word_1_290' title='bbox 1108 3876 1153 3947; x_wconf 86' lang='lat' dir='ltr'>dc</span> <span class='ocrx_word' id='word_1_291' title='bbox 1178 3874 1219 3945; x_wconf 83' lang='lat' dir='ltr'>iis</span> <span class='ocrx_word' id='word_1_292' title='bbox 1242 3872 1427 3967; x_wconf 87' lang='lat' dir='ltr'>disponat,</span> 
     </span>
     <span class='ocr_line' id='line_1_36' title="bbox 232 3966 1425 4065; baseline 0 -22"><span class='ocrx_word' id='word_1_293' title='bbox 232 4020 261 4065; x_wconf 88' lang='lat'>„</span> <span class='ocrx_word' id='word_1_294' title='bbox 284 3970 370 4045; x_wconf 84' lang='lat' dir='ltr'>ficut</span> <span class='ocrx_word' id='word_1_295' title='bbox 387 3968 526 4043; x_wconf 86' lang='lat' dir='ltr'>servitio</span> <span class='ocrx_word' id='word_1_296' title='bbox 542 3970 622 4044; x_wconf 87' lang='lat' dir='ltr'>Suae</span> <span class='ocrx_word' id='word_1_297' title='bbox 634 3966 851 4062; x_wconf 77' lang='lat' dir='ltr'>Maiestatis,</span> <span class='ocrx_word' id='word_1_298' title='bbox 885 3968 980 4041; x_wconf 90' lang='lat' dir='ltr'>srmul</span> <span class='ocrx_word' id='word_1_299' title='bbox 1003 3971 1039 4043; x_wconf 79' lang='grc' dir='ltr'>δι</span> <span class='ocrx_word' id='word_1_300' title='bbox 1059 3970 1250 4043; x_wconf 84' lang='lat' dir='ltr'>commodis</span> <span class='ocrx_word' id='word_1_301' title='bbox 1273 3993 1314 4042; x_wconf 83' lang='lat' dir='ltr'>ac</span> <span class='ocrx_word' id='word_1_302' title='bbox 1330 3968 1425 4043; x_wconf 89' lang='lat' dir='ltr'>setu-</span> 
     </span>
     <span class='ocr_line' id='line_1_37' title="bbox 231 4062 1425 4163; baseline -0.002 -22"><span class='ocrx_word' id='word_1_303' title='bbox 231 4118 258 4163; x_wconf 83' lang='lat'>‚‚</span> <span class='ocrx_word' id='word_1_304' title='bbox 281 4067 374 4143; x_wconf 89' lang='lat' dir='ltr'>ritati</span> <span class='ocrx_word' id='word_1_305' title='bbox 396 4062 656 4140; x_wconf 89' lang='lat' dir='ltr'>Provinciarum</span> <span class='ocrx_word' id='word_1_306' title='bbox 682 4068 791 4161; x_wconf 86' lang='lat' dir='ltr'>magis</span> <span class='ocrx_word' id='word_1_307' title='bbox 819 4067 983 4159; x_wconf 82' lang='lat' dir='ltr'>expedire</span> <span class='ocrx_word' id='word_1_308' title='bbox 1008 4065 1252 4147; x_wconf 84' lang='lat' dir='ltr'>arbitrabitur,</span> <span class='ocrx_word' id='word_1_309' title='bbox 1275 4067 1314 4141; x_wconf 76' lang='grc' dir='ltr'>δι</span> <span class='ocrx_word' id='word_1_310' title='bbox 1339 4070 1425 4141; x_wconf 85' lang='lat' dir='ltr'>alias</span> 
     </span>
     <span class='ocr_line' id='line_1_38' title="bbox 232 4158 1424 4259; baseline -0.002 -24"><span class='ocrx_word' id='word_1_311' title='bbox 232 4209 260 4255; x_wconf 90' lang='lat'>„</span> <span class='ocrx_word' id='word_1_312' title='bbox 281 4187 386 4259; x_wconf 89' lang='lat' dir='ltr'>prout</span> <span class='ocrx_word' id='word_1_313' title='bbox 403 4159 479 4235; x_wconf 86' lang='lat' dir='ltr'>fieri</span> <span class='ocrx_word' id='word_1_314' title='bbox 498 4162 622 4249; x_wconf 90' lang='lat' dir='ltr'>debet,</span> <span class='ocrx_word' id='word_1_315' title='bbox 643 4158 841 4257; x_wconf 75' lang='lat' dir='ltr'>sosiumque</span> <span class='ocrx_word' id='word_1_316' title='bbox 860 4160 964 4233; x_wconf 87' lang='lat' dir='ltr'>fuerit</span> <span class='ocrx_word' id='word_1_317' title='bbox 989 4182 1068 4235; x_wconf 89' lang='lat' dir='ltr'>ante</span> <span class='ocrx_word' id='word_1_318' title='bbox 1083 4184 1197 4235; x_wconf 89' lang='lat' dir='ltr'>motus</span> <span class='ocrx_word' id='word_1_319' title='bbox 1215 4161 1424 4255; x_wconf 68' lang='lat' dir='ltr'>praesentent</span> 
     </span>
     <span class='ocr_line' id='line_1_39' title="bbox 232 4256 1424 4353; baseline -0.002 -24"><span class='ocrx_word' id='word_1_320' title='bbox 232 4306 260 4351; x_wconf 84' lang='lat'>,‚</span> <span class='ocrx_word' id='word_1_321' title='bbox 281 4262 507 4349; x_wconf 89' lang='lat' dir='ltr'>promittente</span> <span class='ocrx_word' id='word_1_322' title='bbox 525 4260 748 4332; x_wconf 91' lang='lat' dir='ltr'>nibilominus</span> <span class='ocrx_word' id='word_1_323' title='bbox 761 4258 831 4329; x_wconf 90' lang='lat' dir='ltr'>Sua</span> <span class='ocrx_word' id='word_1_324' title='bbox 850 4256 1050 4351; x_wconf 85' lang='lat' dir='ltr'>Majestatc,</span> <span class='ocrx_word' id='word_1_325' title='bbox 1068 4260 1261 4353; x_wconf 88' lang='lat' dir='ltr'>&amp;quidem</span> <span class='ocrx_word' id='word_1_326' title='bbox 1273 4259 1369 4331; x_wconf 77' lang='lat' dir='ltr'>mete</span> <span class='ocrx_word' id='word_1_327' title='bbox 1386 4262 1424 4328; x_wconf 93' lang='lat' dir='ltr'>in</span> 
     </span>
    </p>
   </div>
   <div class='ocr_carea' id='block_1_3' title="bbox 230 4350 1438 4546">
    <p class='ocr_par' dir='ltr' id='par_1_7' title="bbox 230 4350 1438 4546">
     <span class='ocr_line' id='line_1_40' title="bbox 230 4350 1438 4546; baseline -0.001 -121"><span class='ocrx_word' id='word_1_328' title='bbox 230 4402 260 4452; x_wconf 86' lang='lat'><strong>„</strong></span> <span class='ocrx_word' id='word_1_329' title='bbox 282 4350 382 4451; x_wconf 73' lang='lat' dir='ltr'>nujus</span> <span class='ocrx_word' id='word_1_330' title='bbox 407 4356 698 4436; x_wconf 78' lang='lat' dir='ltr'>reconciliationis</span> <span class='ocrx_word' id='word_1_331' title='bbox 717 4356 890 4526; x_wconf 46' lang='lat' dir='ltr'>gratiassrz,</span> <span class='ocrx_word' id='word_1_332' title='bbox 912 4377 956 4546; x_wconf 56' lang='grc' dir='ltr'>ξι</span> <span class='ocrx_word' id='word_1_333' title='bbox 984 4358 1082 4457; x_wconf 85' lang='lat' dir='ltr'>quod</span> <span class='ocrx_word' id='word_1_334' title='bbox 1102 4355 1264 4435; x_wconf 74' lang='lat' dir='ltr'>naemu</span> <span class='ocrx_word' id='word_1_335' title='bbox 1292 4378 1335 4429; x_wconf 81' lang='lat' dir='ltr'>ex</span> <span class='ocrx_word' id='word_1_336' title='bbox 1359 4352 1438 4543; x_wconf 38' lang='lat' dir='ltr'>{qno</span> 
     </span>
     <span class='ocr_line' id='line_1_41' title="bbox 1315 4482 1426 4544; baseline -0.018 0"><span class='ocrx_word' id='word_1_337' title='bbox 1315 4496 1343 4544; x_wconf 75' lang='lat' dir='ltr'>&gt;a</span> <span class='ocrx_word' id='word_1_338' title='bbox 1410 4482 1426 4503; x_wconf 85' lang='lat'><strong>·</strong></span> 
     </span>
    </p>
   </div>
   <div class='ocr_carea' id='block_1_4' title="bbox 0 0 1996 5167">
    <p class='ocr_par' dir='ltr' id='par_1_8' title="bbox 0 0 1996 5167">
     <span class='ocr_line' id='line_1_42' title="bbox 0 0 1996 5167; baseline 0 5"><span class='ocrx_word' id='word_1_339' title='bbox 0 0 1996 5167; x_wconf 95' lang='lat' dir='ltr'> </span> 
     </span>
    </p>
   </div>
  </div>
 </body>
</html>
