3984 5167
542 516 630 636 enr>
686 512 720 625 J.
748 506 795 598 n.
822 528 898 597 nr
932 497 1181 597 'rnssrs
1219 486 1613 613 corruent.

401 704 505 797 1580·
548 734 628 789 netu
643 726 768 802 capto,
793 726 835 777 ac
852 698 1032 774 sufficienti
1046 694 1208 794 praelidio
1225 692 1418 789 impolito,
1447 717 1518 788 qua
1542 696 1662 789 potuit
1683 701 1741 775 ἀἱ

550 811 687 885 letitate
704 801 819 873 multis
841 799 1038 870 triremibus
1056 793 1195 889 aliisque
1217 792 1367 884 navigiis
1385 812 1467 884 quae
1483 792 1610 885 praesto
1626 818 1746 884 erant,

553 897 716 997 impolito
741 898 894 970 exercitu
912 892 1112 965 Ulirilronun
1138 885 1259 961 versus
1284 890 1476 983 navigans,
1501 910 1577 960 earu
1604 892 1641 961 in
1667 914 1746 984 par·

551 1020 622 1073 uem
643 1016 721 1091 quae
742 996 784 1066 ad
801 995 912 1065 levam
928 985 1083 1083 spectat,
1105 986 1253 1058 militem
1271 1006 1481 1077 omnemque
1500 983 1670 1059 bellicum
1683 1012 1748 1082 ap·

552 1114 712 1192 paratum
736 1089 883 1163 feliciter
909 1081 1077 1177 exposuit
1105 1083 1265 1155 Antonius
1290 1078 1412 1154 nullibi
1432 1102 1598 1173 umquam
1626 1086 1749 1157 Albano

552 1189 695 1271 restitit,
725 1180 909 1280 Regiisque
927 1181 1031 1252 armis
1045 1174 1114 1250 sese
1133 1174 1327 1273 opposuit,
1349 1173 1410 1247 sed
1431 1173 1501 1249 sese
1514 1179 1649 1251 locarat
1665 1202 1746 1253 ante
1883 1237 1884 1276 ,

553 1286 591 1361 id
608 1284 779 1379 oppidum
797 1301 877 1354 cum
893 1276 1048 1349 exercitu
1064 1273 1142 1346 satis
1155 1271 1300 1367 copioso
1322 1327 1333 1357 ,
1361 1270 1421 1345 sed
1436 1293 1572 1345 tantum
1592 1276 1745 1347 constru-
1883 1331 1884 1360 ,

556 1378 614 1453 cio
632 1402 676 1452 ex
694 1377 880 1472 tyronibus
905 1368 1138 1463 militibusque
1154 1370 1240 1441 belli
1255 1368 1399 1442 omnino
1415 1370 1609 1463 imperitis3
1654 1395 1746 1445 uam·
1883 1391 1884 1416 ¹

555 1480 677 1551 obrem
709 1472 769 1544 diu
797 1468 975 1543 subsistere
1004 1490 1076 1540 non
1095 1468 1230 1549 valuit,
1256 1471 1340 1560 quin
1356 1486 1431 1536 arte
1448 1468 1636 1539 acvirture
1678 1469 1747 1565 egii

556 1573 729 1646 exercitus
748 1569 891 1640 omnino
910 1563 1169 1646 succumberet,
1194 1559 1340 1656 ipseque
1358 1564 1498 1634 tandem
1519 1559 1606 1655 suga
1627 1586 1746 1637 manus

557 1668 709 1742 hostium
726 1661 858 1749 evalit,
875 1664 1022 1757 quinon
1037 1656 1114 1730 caefi
1129 1653 1212 1751 suga
1228 1679 1372 1751 quoque
1392 1655 1539 1731 salutem
1558 1657 1726 1753 quaesrdre
1735 1682 1750 1747 ς
1884 1687 1885 1724 l

557 1766 700 1838 Albanus
723 1758 889 1831 Uirxllrurrn
914 1757 963 1829 est
984 1756 1141 1852 potitur,
1172 1773 1355 1848 totumque
1374 1752 1558 1826 Lusitaniae
1578 1754 1748 1848 Regnum

557 1861 662 1931 trium
683 1852 844 1927 menslum
858 1851 971 1946 spatio
993 1852 1136 1942 Philippu
1151 1848 1334 1944 acquilivit
1352 1870 1362 1921 τ
1383 1846 1523 1944 fuitque
1545 1851 1745 1924 admiranda

559 1954 596 2026 in
615 1960 683 2024 boc
701 1953 792 2021 bello
809 1952 938 2021 Antonii
952 1946 1135 2019 obstinatio
1158 1968 1201 2017 ac
1216 1946 1458 2039 imprudentia.
1476 1944 1746 2042 Resciueratque

559 2050 652 2123 enim
681 2050 741 2119 diu
765 2066 865 2117 antea
887 2046 972 2138 quid
995 2041 1054 2115 via
1080 2064 1256 2114 armorum
1281 2044 1462 2115 moliretur
1490 2044 1685 2133 Philippus,
1709 2044 1752 2118 dc

562 2145 646 2240 quid
668 2139 800 2238 poss'et;
831 2162 900 2212 tarn
927 2138 1139 2233 negligenter
1158 2158 1273 2210 tamen
1296 2138 1342 2220 ad
1366 2138 1495 2209 bellum
1517 2136 1553 2212 se
1576 2159 1751 2232 praepara·

561 2260 635 2323 rat,
661 2259 699 2312 ut
717 2261 795 2309 curn
817 2239 863 2309 ad
878 2259 952 2309 rem
965 2256 1131 2307 eventum
1140 2232 1241 2317 elset,
1265 2254 1337 2305 non
1353 2232 1513 2307 habuerit
1528 2254 1600 2327 quo
1622 2232 1752 2307 resiste·

563 2358 627 2409 ret.
678 2334 809 2429 Estque
826 2337 894 2405 hoc
908 2334 1017 2427 magis
1030 2332 1146 2403 adbuc
1163 2332 1380 2417 mirandum,
1402 2332 1498 2426 quod
1513 2354 1585 2404 non
1601 2328 1753 2404 sedecim

533 2473 535 2479 ·
564 2452 644 2503 ante
663 2430 805 2512 diebus,
831 2430 934 2523 quim
959 2431 1103 2501 Albanus
1125 2448 1169 2497 ex
1188 2423 1401 2521 Badngufftnu
1419 2448 1506 2520 agro
1532 2426 1750 2511 discederet,

564 2528 600 2601 in
617 2526 750 2620 oppido
778 2528 933 2599 Saururen
959 2524 1067 2616 vulgo
1090 2521 1214 2607 dicto,
1247 2524 1383 2617 Regem
1406 2520 1438 2594 se
1461 2522 1482 2595 d
1505 2526 1644 2617 populo
1664 2519 1757 2595 aliis·

564 2646 636 2717 que
662 2620 861 2715 sequacibus
878 2620 1081 2692 attalamari
1109 2615 1320 2713 permiserit,
1344 2638 1426 2690 curu
1447 2641 1503 2689 rea
1526 2618 1647 2711 postea
1669 2642 1755 2692 con·

500 2758 503 2763 .
564 2718 691 2795 secutae
709 2718 786 2788 satis
807 2718 1011 2796 docuerint,
1038 2715 1126 2785 nibil
1142 2736 1224 2786 eum
1250 2716 1312 2786 illo
1334 2717 1413 2787 aiio
1429 2735 1499 2787 tam
1516 2716 1760 2811 intempestivo

567 2814 661 2887 aliud
681 2812 803 2907 egisse,
830 2834 933 2903 quarn
963 2807 1090 2903 sibiipsi
1113 2808 1389 2903 desperationem
1419 2832 1628 2905 perpetuant
1655 2833 1756 2883 com·

567 2930 690 3004 parare
709 2911 746 2981 dc
773 2908 910 2998 Philippi
930 2907 1081 2977 animum
1103 2905 1148 2975 ab
1175 2909 1271 2977 omni
1301 2909 1583 2979 reconciliatione
1606 2909 1758 2978 alienum

567 3004 724 3075 reddere.
772 3000 883 3095 quue
899 3003 959 3073 ille
976 2999 1194 3096 propositum
1217 3022 1288 3074 tam
1304 3006 1474 3074 tenaciter
1490 3005 1670 3097 amplexas
1682 3002 1756 3091 est,

569 3119 608 3171 ut
626 3099 782 3192 quamvis
811 3094 891 3191 post
910 3098 1046 3190 aliquot
1071 3120 1180 3169 annos
1209 3121 1290 3169 cum
1315 3096 1389 3191 ipse
1414 3100 1450 3169 in
1469 3094 1588 3171 Gallia
1614 3120 1756 3192 ageret,

570 3196 730 3286 Philippus
749 3194 924 3286 mitigatus
942 3194 1261 3265 areconciliatione
1277 3217 1349 3265 non
1378 3192 1602 3271 abhorreret.
1629 3195 1759 3265 malue-

570 3291 617 3363 rit
636 3310 750 3362 tamen
763 3284 943 3362 occasione
961 3285 1117 3382 negledii
1137 3338 1149 3371 ,
1174 3288 1252 3382 post
1268 3292 1376 3360 multa
1394 3290 1509 3363 adhuc
1528 3292 1564 3359 in
1574 3290 1757 3382 Philippum

469 3407 472 3417 ·
572 3384 756 3457 Gallorum
783 3386 912 3457 auxilio
937 3405 1087 3469 tentata,
1112 3386 1253 3457 tandem
1280 3384 1430 3457 Lutetia
1454 3383 1661 3474 Parifiorum
1684 3382 1763 3459 solo

571 3504 664 3554 vano
689 3479 795 3572 Regis
813 3482 916 3553 titulo
932 3502 1136 3563 contentus,
1159 3478 1282 3552 misere
1300 3483 1456 3553 vivendo
1471 3481 1597 3574 perire.

621 3573 691 3646 lv.
720 3574 838 3673 Taffiut
855 3576 1131 3647 relictaMadriti
1149 3600 1279 3661 uxore,
1305 3574 1513 3670 Radugofiunr
1543 3598 1588 3648 eo
1609 3574 1758 3671 ipsodie

573 3693 646 3765 quo
662 3670 805 3745 Albanus
830 3672 945 3743 itineri
962 3670 995 3744 se
1015 3671 1251 3751 commiserat,
1275 3674 1318 3743 ad
1338 3696 1393 3743 res
1409 3672 1483 3743 suas
1502 3674 1654 3765 agendas
1677 3696 1761 3767 per·

571 3770 688 3849 venit,
713 3767 750 3839 ἃ
776 3764 959 3862 postquam
990 3768 1141 3839 debitam
1172 3766 1349 3840 osculandi
1375 3790 1496 3840 manus
1520 3769 1650 3863 Regias
1669 3791 1763 3862 prae·

574 3858 687 3935 stasset
705 3865 955 3946 reverentiam,
980 3864 1073 3935 haud
1100 3864 1162 3935 diu
1183 3887 1316 3935 moram
1336 3867 1461 3952 traxit,
1485 3868 1570 3972 qup'n
1595 3868 1691 3936 illum
1710 3863 1762 3934 ad

572 3961 761 4031 exercitum
788 3959 926 4033 mittere
956 3957 1172 4052 designarent
1192 3984 1204 4045 3
1229 3959 1289 4033 sed
1313 3984 1383 4055 quo
1407 3964 1520 4031 minus
1546 3959 1584 4031 id
1608 3959 1764 4031 muneris

573 4050 724 4132 subiret,
748 4056 943 4129 constanter
959 4054 994 4129 sc
1026 4058 1221 4129 excusavit:
1247 4058 1407 4151 quamvis
1428 4058 1521 4130 enim
1549 4058 1637 4149 Regi
1651 4053 1761 4123 inser·

574 4146 648 4219 vire
674 4146 757 4222 esset
781 4174 947 4246 paratur,
972 4175 1093 4245 operae
1115 4174 1229 4225 tamen
1246 4150 1399 4245 eousque
1429 4152 1522 4247 Regi
1550 4172 1611 4247 per
1640 4144 1763 4243 ipsum

573 4241 733 4334 rraeurtae
750 4298 765 4336 ,
786 4246 1013 4346 expulsoque
1026 4250 1088 4324 illa
1102 4249 1291 4332 inhumana
1306 4248 1451 4347 Belgica
1462 4270 1531 4348 qua
1545 4266 1666 4326 coortu
1682 4268 1770 4415 Ἥ
