3984 5167
379 508 676 607 araus
733 431 1202 622 Qurttuus.
1335 548 1417 636 401

228 732 253 771 η
278 686 497 765 defenderint
507 682 725 778 Religionem
743 683 982 771 Catholicam,
1003 682 1217 770 Romanam,
1231 693 1329 783 juxta
1345 692 1418 768 for-

224 828 248 864 „
273 808 360 859 mam
393 780 648 857 pacificationis
678 779 921 855 Gandavenfis
947 834 958 867 ,
988 778 1141 854 Uniouis
1183 786 1344 861 insecutae
1375 789 1416 864 ds

223 929 252 977 ,‚
266 878 386 953 ,Edisti
410 879 596 975 perpetui,
621 896 688 949 nec
715 872 845 949 saciant
860 873 1009 971 posthac
1025 878 1209 975 quidpiam
1233 883 1269 953 ln
1289 886 1415 981 praeju-

223 980 248 1057 ‚i
272 968 402 1051 dicium
419 972 698 1069 hujus‘tratratus
715 994 757 1045 ac
773 972 1078 1063 reconciliationis.

264 1114 294 1149 s,
319 1068 433 1146 CCV.
460 1066 674 1159 Quinetiam
691 1069 736 1141 ad
756 1069 924 1162 maiorem
942 1066 1159 1144 securitatem
1177 1069 1416 1147 ordinavimus

224 1210 247 1247 n
272 1166 310 1243 bt
329 1167 530 1243 ordinamus
540 1166 644 1261 juxta
660 1184 817 1237 tenorem
840 1167 1013 1239 undecimi
1034 1169 1173 1242 articuli
1192 1166 1310 1245 Editti
1335 1192 1415 1265 per·

221 1307 245 1343 η
264 1265 371 1362 perui
393 1312 407 1348 ,
438 1280 478 1334 ut
496 1260 615 1333 Status
639 1256 902 1333 provinciarum
929 1262 1255 1351 reconciliaturam,
1294 1288 1416 1342 omnes

219 1402 245 1439 n
269 1357 449 1435 constituti
468 1356 505 1429 in
524 1354 767 1451 dignitatibus,
793 1355 1079 1441 Gubernatores,
1105 1361 1351 1456 Magistratus,
1367 1368 1416 1440 ci·

220 1499 244 1537 ‚‚
269 1479 332 1530 ves
355 1456 392 1531 δι
414 1452 540 1527 incolae
555 1450 739 1526 civitatum
772 1452 810 1526 &
837 1471 1031 1547 pagorum,
1053 1455 1115 1527 ubi
1131 1479 1233 1531 erunt
1246 1458 1416 1553 prauma-

221 1594 245 1633 η
271 1551 314 1627 rii
336 1548 461 1625 militer
473 1598 486 1635 ,
511 1546 548 1620 &
571 1548 695 1621 incola
725 1549 907 1621 civitatum
936 1570 979 1623 ac
998 1572 1172 1645 pagorum
1196 1552 1257 1625 ubi
1272 1577 1341 1628 non
1364 1557 1417 1629 est

220 1690 244 1729 ,‚
269 1644 486 1745 praemium,
510 1642 569 1717 alli
592 1645 742 1739 denique
765 1664 887 1717 omnes
913 1642 948 1718 in
984 1644 1100 1742 aliqua
1117 1646 1313 1739 studione,
1341 1675 1416 1723 mu-

219 1787 245 1824 „
269 1764 371 1831 nere,
396 1743 454 1815 vel
478 1738 595 1815 officio
625 1738 766 1815 rmlitari
787 1760 847 1814 aut
875 1740 943 1815 aiio
961 1739 1156 1829 versantes,
1174 1743 1337 1839 praestent
1347 1747 1417 1840 jus·

217 1884 241 1926 η
262 1839 471 1937 jurandum,
497 1834 529 1911 se
554 1834 797 1911 observaturos
813 1834 1037 1931 Religionem
1049 1838 1268 1913 Catholicam
1286 1842 1418 1917 Roma·

216 1980 241 2019 „
267 1958 367 2019 nam,
384 1958 450 2009 nec
469 1954 540 2015 non
559 1932 712 2009 debitam
730 1932 963 2008 obedientiam
980 1936 1083 2030 juxta
1103 1934 1229 2009 disiam
1250 1934 1414 2015 Pacifica-

216 2078 241 2119 n
268 2036 402 2107 tionem
435 2026 729 2112 Gandavensem,
763 2028 940 2101 Unionem
978 2029 1220 2121 subsecutam,
1249 2032 1414 2109 utinum

217 2176 240 2211 2,
267 2148 492 2226 perpetuum,
518 2124 555 2199 dt
583 2127 675 2199 hunc
704 2122 905 2220 praesentem
935 2129 1139 2216 massarum,
1164 2129 1202 2204 &
1222 2132 1317 2227 quod
1342 2137 1413 2207 non

214 2272 239 2305 ‚,
266 2226 460 2319 recipient,
488 2224 674 2297 mutabunt
697 2224 756 2297 vel
780 2225 964 2296 admittent
986 2224 1174 2319 respectiva
1194 2226 1413 2322 praesrdium,

215 2368 240 2413 2,
266 2318 378 2395 inscio
397 2318 828 2413 Gubernatoregenerali,
852 2314 1079 2406 provinciali,
1093 2319 1297 2396 &Consilio
1307 2327 1414 2422 cnjus·

214 2418 250 2499 ‚,'
266 2442 337 2515 qut
356 2416 576 2501 Provinciae,
599 2412 646 2485 fic
665 2416 805 2507 quidem
826 2436 865 2487 ut
881 2414 1073 2489 necessitate
1091 2422 1268 2511 repentina
1283 2444 1324 2493 ac
1339 2444 1415 2517 gra·

215 2558 240 2595 „
267 2517 306 2587 vi
330 2532 499 2609 urgente,
524 2506 748 2583 Prouincialis
766 2508 994 2583 Gubernator
1015 2514 1335 2607 provideatlocis,
1354 2518 1415 2588 ubi

215 2610 240 2689 ἱ,
268 2608 357 2681 solet
380 2606 448 2681 effe
466 2605 661 2703 praesidium
686 2608 857 2687 militare,
894 2626 936 2679 ac
962 2607 1110 2690 milites,
1135 2607 1201 2679 fint
1227 2612 1327 2681 nobis
1354 2614 1413 2685 de·

216 2714 241 2786 l,
269 2702 381 2778 vinsli
390 2706 607 2797 juramento,
636 2700 806 2797 nobisque
824 2702 973 2775 militent
988 2704 1024 2775 in
1044 2704 1199 2798 qualibet
1219 2700 1415 2783 Provincia.

1465 742 1576 819 1579·-

270 2842 293 2878 η
320 2797 712 2874 CCV1.Promitrimus
738 2820 879 2893 quoque
906 2819 978 2871 non
1005 2820 1151 2893 gravam
1178 2824 1244 2875 nec
1271 2808 1410 2897 gravari
1454 2872 1461 2880 ,

213 2864 252 2979 2
270 2896 474 2991 permittere
493 2950 504 2981 ‚
525 2897 686 2972 civitates
703 2916 762 2970 aut
778 2917 878 2991 agros
893 2894 1059 2969 distarum
1078 2892 1339 2971 provinciarum
1357 2922 1414 2973 re-

213 3038 241 3073 n
270 2990 531 3067 conciliaturum
565 2990 684 3089 aliquo
719 2990 827 3065 milite
855 3010 1041 3080 extraneo,
1066 2990 1128 3066 nist
1148 2995 1274 3069 incolae
1296 2999 1334 3068 id
1351 3020 1412 3069 ex-

214 3135 240 3169 „
269 3110 408 3185 petant,
435 3088 517 3165 belli
534 3110 594 3163 aut
612 3089 761 3185 periculi
773 3089 916 3185 alicujus
935 3084 1056 3172 causa,
1081 3107 1121 3162 ut
1136 3088 1274 3163 solitum
1291 3092 1332 3165 stt
1347 3095 1412 3165 ibi-

212 3231 239 3267 „
268 3188 347 3261 dem
363 3184 431 3260 else
449 3186 492 3259 ab
519 3184 797 3281 omnitempore
821 3182 1038 3281 praesrdiuin,
1063 3209 1137 3281 quo
1161 3186 1239 3262 casu
1266 3187 1332 3260 erit
1359 3192 1411 3261 in·

214 3327 240 3363 .‚
268 3283 402 3379 digenis
420 3280 533 3377 Belgii
550 3279 704 3355 Statibus
720 3280 914 3377 respediivb
938 3283 1058 3377 gratis.

269 3419 291 3453 η
317 3376 467 3454 CCVII.
493 3376 664 3451 Volumus
683 3400 724 3452 ac
748 3374 946 3459 statuimus,
972 3398 1012 3449 ut
1030 3378 1068 3447 in
1083 3377 1243 3451 omnibus
1261 3378 1411 3454 civitati-

214 3515 241 3552 s>
266 3470 334 3548 bus
351 3474 387 3549 &
403 3477 522 3571 pagis,
546 3474 607 3547 ubi
624 3470 849 3570 Magistratus
865 3475 1025 3547 renovati
1040 3470 1119 3545 sunt
1133 3476 1409 3550 extraordinarii

150 3648 153 3655 Ι
213 3613 240 3671 3,
268 3571 311 3641 ab
331 3570 475 3644 exordio
491 3590 669 3659 motuum,
695 3568 912 3642 restituantur
929 3572 965 3641 in
981 3574 1154 3661 integrum
1171 3625 1182 3658 ,
1202 3572 1303 3666 juxta
1312 3572 1410 3646 Cou-

210 3710 239 3759 ,ρ
265 3663 461 3739 suetudines
484 3666 521 3739 δι
538 3664 727 3762 Privilegia
742 3664 906 3760 cujusque
922 3667 1017 3750 loci,
1037 3664 1223 3741 observato
1247 3689 1319 3740 tem
1346 3690 1409 3741 ore

211 3808 237 3843 „
266 3764 442 3931 gauridum
471 3763 611 3854 inclytat
627 3761 664 3834 dt
687 3762 846 3857 gloriosae
866 3764 1040 3837 memoriae
1064 3759 1288 3857 imperatoris
1331 3766 1409 3836 orosi

210 3904 237 3939 n

305 3859 466 3931 omini&
484 3856 594 3929 Patris
612 3856 735 3931 nostri:
761 3859 913 3951 denique
928 3882 968 3933 ut
988 3880 1046 3932 res
1065 3861 1115 3932 ita
1133 3856 1406 3947 constituantur,
1437 3944 1441 3950 ¹

211 3999 238 4035 ‚,
265 3957 317 4028 uti
337 3952 437 4027 distis
456 3950 718 4049 Magistratibus
738 3952 797 4026 sua
813 3953 949 4028 constet
964 3954 1177 4041 authoritas,
1194 3952 1330 4049 illisque
1345 3978 1406 4053 pa-

210 4096 236 4131 „
265 4070 383 4125 reatur
399 4051 450 4121 uti
471 4050 595 4140 decet,
620 4075 664 4123 ne
680 4052 715 4121 in
735 4072 829 4123 nova
844 4050 1019 4123 recidatur
1035 4048 1152 4121 denuo
1171 4053 1339 4145 pericula.

222 4236 227 4243 ¹
264 4192 286 4225 η
312 4144 482 4221 CCVlls.
506 4142 743 4219 promittimus
765 4148 869 4219 etiam
886 4144 983 4241 quod
999 4142 1134 4240 semper
1152 4149 1406 4223 committemus

212 4242 250 4319 η’
266 4242 525 4316 Gubernationi
535 4242 648 4339 belgii
659 4238 856 4339 Principem
869 4238 976 4315 nostri
987 4239 1185 4337 Sanguinis,
1196 4246 1269 4339 qui,
1281 4265 1404 4339 quaeve

209 4380 238 4417 η
264 4338 388 4411 habeat
403 4338 504 4414 dotes
523 4336 561 4411 δι
580 4341 764 4437 qualitates
783 4341 825 4415 ad
852 4360 922 4413 tam
938 4336 1088 4413 arduum
1114 4360 1238 4417 munus
1256 4340 1408 4417 necessa-

208 4440 214 4450 '
265 4430 569 4512 TamisPnrsa.
931 4433 1022 4509 Eee
1130 4533 1133 4540 Ι
1271 4438 1409 4518 „riam
