3984 5167
430 502 722 597 LIBER
778 502 1269 605 OCTAVUS·
1370 531 1452 625 547

256 691 378 795 ¹tesqua
398 698 529 772 Hauriat·
558 698 739 794 amplexus
764 698 840 788 est,
873 696 942 771 fuit
964 694 1139 775 Dominus
1157 699 1194 771 da
1216 701 1308 772 Virri
1328 688 1351 754 fl
1375 701 1450 777 Ma·
1501 710 1605 793 1594.
1647 704 1651 711 “

259 802 374 870 cauria
393 798 532 869 nomine
557 793 820 869 Catholicorum
849 794 1105 881 Gubernator,
1138 794 1308 891 oppidum
1326 796 1450 872 decem
1486 834 1504 873 a
1516 834 1593 893 Mar-

259 893 451 967 miliaribus
465 891 599 967 Lutarid
618 890 770 978 distans,
796 895 886 986 Ligu
908 890 1245 987 opportunissimum.
1271 890 1382 965 Hunc
1399 894 1448 966 se·
1486 918 1550 981 qum
1574 916 1611 973 de

258 1009 361 1064 cutus
387 986 437 1061 est
469 1010 539 1059 non
568 986 713 1061 multum
741 988 860 1083 postea
877 988 1052 1061 Dominus
1077 990 1115 1061 da
1133 988 1280 1059 Charitas
1302 986 1363 1073 **,
1386 992 1452 1082 qui·
1484 988 1604 1067 vitm

257 1086 421 1168 Aurelia,
445 1078 709 1178 Provinciaeque
725 1080 926 1178 Bituriganfi'
940 1104 1101 1181 praeerat.
1135 1082 1235 1157 Fecit
1251 1083 1343 1155 idem
1363 1081 1448 1159 Dux
1484 1108 1528 1149 *a
1540 1108 1587 1168 De
1603 1111 1632 1172 1,

257 1178 398 1271 Guifiae,
425 1202 466 1253 ac
483 1181 713 1275 Campaniam,
745 1182 929 1274 omniaque
949 1179 1014 1253 srbi
1038 1180 1059 1253 l
1081 1177 1274 1253 Catholicis
1293 1178 1451 1268 credita,
1486 1182 1616 1250 chame.

256 1276 393 1349 Haurico
411 1274 576 1358 tradidit3
600 1276 693 1348 idem
714 1272 887 1347 Dominus
903 1276 939 1346 dr
956 1275 1142 1370 Viluarr†
1194 1278 1257 1371 qui
1288 1276 1448 1350 Narmou-
1489 1302 1621 1385 Univerfi

254 1373 338 1444 diam
356 1370 601 1469 gubernabat,
625 1370 718 1443 idem
741 1372 966 1466 Lugdunum,
990 1368 1029 1443 δι
1052 1368 1127 1465 ipsa
1140 1326 1297 1459 buxeria,
1316 1394 1446 1447 actan·
1483 1382 1612 1463 deliga,

257 1466 338 1541 dem
361 1465 434 1564 ipse
451 1465 669 1553 Dumrnaeus,
687 1468 771 1541 licet
793 1489 837 1541 ex
861 1468 1015 1551 ultimis,
1034 1465 1134 1560 cujus
1157 1471 1446 1562 praevaricatione
1484 1467 1601 1521 mm·

183 1651 187 1661 .
256 1566 345 1658 Ligu
375 1564 531 1637 omnium
547 1563 689 1638 corruit.
716 1560 811 1637 Usus
826 1562 875 1637 est
895 1562 1118 1636 Hmricurad
1138 1560 1371 1637 reduuionem
1387 1588 1447 1638 eo·
1482 1544 1587 1678 'Q'

256 1678 354 1750 tum,
371 1663 434 1757 qui
458 1680 581 1733 contra
602 1680 682 1733 cum
703 1658 866 1746 stabant,
889 1656 1019 1753 summi
1045 1676 1139 1746 arte,
1164 1682 1206 1734 ac
1233 1660 1445 1753 prudentid;
1483 1636 1604 1775 meg?

255 1756 494 1831 universaliter
507 1756 690 1840 omnibus,
714 1757 819 1827 etiam
837 1754 1174 1845 Communitatibus,
1194 1754 1339 1851 publico
1359 1754 1444 1829 Edi·
1481 1779 1565 1833 cerras

254 1851 313 1925 dio
330 1855 446 1926 omnia
464 1852 678 1927 condonavit
702 1848 829 1945 absque
856 1852 971 1945 aliqua
997 1850 1228 1935 restrisiione,
1248 1872 1311 1926 aut
1328 1853 1441 1947 prend.
1480 1854 1610 1946 rpraeta,

255 1948 519 2045 singularibus,
543 1951 604 2044 qui
624 1947 704 2045 (iu)
730 1969 833 2021 manu
852 1948 1056 2030 habebant,
1082 1952 1178 2043 quod
1205 1946 1444 2035 restituerent,
1481 1934 1570 1992 ’⁸¹⁶⁸‘-

255 2049 382 2119 multas
403 2066 530 2119 annuas
545 2042 747 2139 pensiones,
768 2046 983 2140 multamque
998 2047 1183 2139 pecuniam
1208 2064 1445 2129 numeratam,
1481 2046 1608 2124 †L'Ad2

254 2138 334 2214 fixis
350 2138 716 2216 terminissolvendum
733 2137 922 2215 liberaliter
939 2141 1103 2236 elargitus
1111 2142 1160 2214 est
1169 2169 1182 2225 3
1200 2142 1316 2214 multis
1333 2144 1446 2217 bono·
1481 2130 1608 2186 ‘Md‘

253 2260 332 2320 res,
357 2260 399 2309 ac
418 2239 555 2321 monia,
580 2237 708 2332 quibus
734 2255 893 2332 tempore
924 2236 1016 2331 Ligae
1040 2236 1263 2331 gaudebant,
1290 2238 1462 2333 reliquit*

243 2333 342 2407 ,Aliis
365 2333 430 2404 alia
455 2332 553 2405 dedit
576 2354 649 2405 non
676 2328 851 2405 inferiora.
912 2328 962 2403 Et
985 2334 1081 2425 quod
1095 2330 1256 2406 maxime
1284 2332 1442 2420 mirum,

255 2428 512 2523 quamprimum
550 2424 585 2500 se
622 2424 884 2521 unusquisque,
916 2429 1184 2521 qualiacumque
1215 2445 1338 2500 contra
1361 2453 1442 2521 eum

253 2521 393 2620 egisset,
418 2520 688 2603 reconciliasset,
707 2523 754 2594 ita
772 2522 968 2599 humaniter
995 2542 1037 2592 ac
1051 2522 1268 2596 confidenter
1282 2544 1364 2608 cum
1380 2527 1445 2599 illo

254 2623 347 2715 egit,
372 2618 409 2693 δι
427 2617 542 2694 lacere
559 2618 742 2714 perrexit,
766 2636 929 2711 tanquam
962 2615 986 2689 st
1011 2618 1049 2689 in
1071 2620 1157 2691 nihil
1186 2620 1356 2712 praeteriti
1381 2645 1445 2693 un·

255 2736 370 2812 quam
386 2712 588 2801 incidiffet3
620 2713 690 2807 quai
715 2713 898 2789 clementii
917 2713 1133 2803 admirabili,
1163 2736 1446 2811 unumquemque

253 2812 303 2885 ita
323 2812 462 2897 allexit,
479 2832 518 2886 ut
537 2832 608 2884 non
628 2807 825 2883 remanserit
842 2810 982 2883 tandem
1000 2810 1037 2881 in
1053 2806 1200 2905 Regno,
1229 2813 1290 2906 qni
1314 2833 1385 2884 non
1402 2812 1444 2885 li·

253 2908 376 2981 benter
401 2910 476 2981 e'us
500 2906 708 2981 obedientia
731 2902 766 2977 se
792 2902 989 2979 submiserit.
1021 2906 1231 3002 Exemplum
1257 2928 1329 2984 uon
1355 2907 1444 2981 indi·

253 3027 336 3077 num
362 2930 558 3099 poberitati
580 2998 866 3097 relinquendum,
900 3022 940 3074 ut
964 3000 1071 3076 sciant
1096 2997 1277 3097 Principes
1299 3003 1378 3097 plns
1405 3005 1444 3079 in

119 3193 126 3205 Ι
250 3101 403 3197 generali
419 3100 526 3197 culpi
545 3098 668 3195 saepius
684 3098 800 3172 valere
825 3096 1134 3184 mansuetudinem,
1151 3122 1255 3193 quarn
1274 3100 1439 3192 rigorem.

299 3194 393 3270 XXI.
419 3194 596 3271 Caeterum
614 3190 674 3268 etsr
693 3194 746 3267 his
764 3194 893 3267 artibus
907 3192 1098 3291 proficeret
1119 3198 1245 3280 indies,
1257 3195 1444 3269 manebant

251 3305 368 3367 tame'n
388 3294 482 3368 vivae
505 3294 620 3368 adhuc
640 3312 711 3363 non
727 3292 992 3365 contemnendae
1012 3289 1056 3362 Li
1113 3289 1293 3383 reliquiae.
1319 3289 1441 3366 Stabat

223 3386 226 3392 ’
251 3388 412 3462 constans
436 3384 472 3461 in
493 3386 691 3473 Britannia,
714 3384 800 3460 Dux
815 3388 1023 3479 Mercurius,
1064 3407 1164 3458 ecum
1187 3382 1318 3457 babens
1337 3385 1443 3480 Jaaa·

252 3504 323 3555 nem
339 3486 375 3555 dr
394 3486 512 3577 Aquila
530 3508 611 3561 cum
637 3482 749 3556 tribus
765 3478 1002 3575 Hispanorum
1015 3482 1189 3570 millibus,
1204 3481 1266 3576 qui
1284 3502 1444 3556 erexerat

204 3610 207 3619 ·
252 3582 296 3652 ad
323 3600 465 3673 pormm
479 3582 601 3653 'Blauaa
626 3629 638 3664 ,
663 3576 963 3673 propugnaculum
979 3576 1248 3661 munitissimum,
1264 3596 1335 3670 quo
1349 3574 1442 3665 solua

248 3675 469 3771 potiebatur,
485 3678 582 3751 miles
597 3676 722 3760 fortis,
739 3674 948 3772 militarique
963 3673 1105 3748 scientia
1127 3672 1342 3768 summopere
1351 3694 1443 3767 prae-

251 3771 345 3845 ditus
390 3772 583 3864 Hanricoqua
614 3774 739 3843 merito
770 3772 952 3844 timendus.
996 3770 1039 3843 In
1062 3768 1234 3844 Prouiatid
1255 3770 1442 3841 manebant
1496 3831 1499 3835 Α

251 3870 372 3941 mnltae
397 3867 417 3938 a
441 3868 610 3941 Sabaudia
637 3866 739 3940 Duce
766 3888 888 3942 contra
915 3890 995 3939 eum
1023 3862 1201 3963 acquifitae
1225 3862 1441 3938 subditorum

251 3966 471 4049 voluntates,
494 3962 643 4057 ,locaque
670 3965 792 4055 aliqua.
826 3962 986 4037 Tenebat
1010 3964 1102 4037 idem
1128 3960 1213 4034 Dux
1233 3983 1322 4036 occu
1351 3980 1441 4034 atam

249 3984 1440 4233 terrama{attitulat,atterammttabt

249 4252 357 4326 nibus
383 4251 499 4346 Regni
538 4240 661 4324 incolis
696 4248 901 4339 derelictus,
933 4250 1055 4324 Darasa
1081 4204 1296 4340 nmdcbmscal
1325 4252 1439 4323 mantia

249 4350 388 4441 Limali,
412 4348 475 4446 qui
489 4338 1071 4517 violentdffejesiionezMarchionis
1089 4347 1126 4422 da
1141 4347 1439 4537 Mmm'nbigqfd

227 4500 228 4503 =
874 4468 924 4520 ZZ
951 4466 972 4523 2

1482 2206 1615 2295 Villam-G
1725 2224 1728 2227 ’
