3984 5167
392 535 701 634 ursan
759 534 1233 653 Qurnrus.
1378 566 1461 664 sn

299 779 333 815 o,
358 732 559 811 XXXVIII.
586 732 678 809 Cum
696 733 882 809 videantur
906 735 1048 831 quidam
1077 735 1255 819 dubitare,
1281 741 1462 833 quomodo
1509 753 1613 837 1579,

247 876 282 913 -n
308 832 350 909 srt
375 832 619 929 intelligendos
640 833 807 915 articulus
828 833 985 907 decimus
1004 834 1129 907 tertius
1153 832 1200 919 *,
1232 832 1363 929 sibique
1383 863 1462 934 per·
1495 923 1500 933 ι

247 974 281 1013 n
306 928 499 1015 suadeant,
543 926 701 1004 exclusos
727 951 848 1003 omnes
873 932 952 1003 illos
977 932 1040 1025 qui
1067 930 1247 1005 noluerint
1277 935 1461 1010 admittere

255 1070 279 1107 n
305 1028 401 1101 usum
412 1028 581 1103 libertatis
602 1021 796 1121 Religionis
812 1029 977 1102 statutum
995 1028 1041 1101 ab
1061 1027 1262 1101 Archiduce
1287 1028 1459 1120 Matthia,

251 1168 278 1206 u
303 1149 348 1199 ex
365 1147 453 1200 voto
471 1123 758 1199 Consiliariorur'n
788 1128 984 1219 apudeum
1012 1146 1097 1198 tunc
1121 1127 1292 1221 temporis
1319 1127 1462 1198 existen-

253 1265 277 1301 η
301 1221 409 1312 tium,
423 1220 671 1314 ordinumque
685 1222 916 1316 generalium:
935 1226 1027 1297 hanc
1043 1220 1091 1294 ob
1113 1220 1267 1307 causam,
1296 1242 1336 1294 ut
1353 1243 1463 1316 quan·
1530 1241 1532 1244 ·

252 1362 276 1399 .,
302 1338 379 1393 rum
401 1318 446 1392 ad
458 1317 493 1391 id
512 1319 635 1391 attinet
653 1318 765 1391 nullus
782 1318 927 1391 ulterius
945 1316 1051 1393 restet
1065 1317 1260 1413 scrupulus.
1286 1317 1463 1414 Deputati

242 1458 276 1496 -η
302 1418 366 1512 qni
386 1413 715 1490 confederationem
734 1416 826 1489 hanc
842 1412 1051 1500 confoeere,
1071 1416 1195 1489 dicunt
1211 1438 1252 1489 ac
1263 1417 1461 1504 declarant,

252 1554 277 1593 n
303 1537 344 1589 ea
360 1510 395 1587 se
414 1531 632 1607 nequaquam
651 1508 750 1585 suiffe
769 1532 910 1601 mente,
935 1532 975 1589 ut
994 1512 1264 1586 excluderentur
1283 1514 1461 1589 confoede-

243 1642 277 1689 -η
303 1609 440 1685 ratione
461 1608 510 1681 illi
521 1658 533 1696 ,
556 1608 618 1704 qui
634 1606 742 1683 solam
756 1606 968 1703 profitentur
993 1609 1216 1703 Religionem
1235 1608 1459 1682 Catholicarn

249 1750 274 1785 ι,
300 1702 517 1779 Romanam:
548 1727 670 1779 omnes
692 1706 785 1779 enirn
810 1709 920 1794 tales,
947 1705 1019 1781 srve
1043 1704 1242 1783 Provinciae
1262 1703 1328 1778 fint
1351 1759 1362 1793 ,
1386 1704 1460 1780 srve

239 1846 272 1883 ·„
299 1804 477 1890 civitates,
485 1802 717 1875 admittuntur
732 1804 769 1875 in
788 1802 1136 1889 confederationem,-
1148 1803 1340 1876 dommodo
1350 1804 1455 1880 etiam

246 1944 271 1979 ‚,
297 1902 338 1973 in
362 1900 503 1994 reliquis
530 1896 683 1994 ejusdem
708 1896 1016 1975 confoederationis
1045 1899 1203 1974 articulis
1230 1899 1301 1974 sese
1337 1901 1457 1974 astrin·
1649 1974 1654 1982 ,

245 2040 270 2074 s,
296 2015 414 2095 gant,
439 1994 536 2073 &ut
552 1998 664 2069 bonos
686 1996 857 2069 Patrioras
875 1998 998 2085 decet,
1022 2020 1145 2094 gerere
1173 1994 1243 2069 sese
1261 1999 1389 2081 velint,
1415 2023 1456 2073 ea
1547 2011 1553 2023 '

239 2138 269 2173 n
295 2096 391 2169 enim
409 2090 458 2165 est
474 2092 628 2189 publitae
644 2094 747 2189 hujus
771 2094 990 2169 resolutionis
1008 2118 1105 2168 mens
1131 2113 1234 2188 atque
1259 2092 1455 2184 sententia,

244 2235 268 2270 n
296 2210 341 2265 ut
360 2191 452 2263 nulla
467 2214 533 2263 nec
551 2187 762 2278 Provincia,
792 2215 859 2265 nec
883 2194 1008 2265 civitas
1036 2192 1072 2263 in
1095 2193 1239 2264 materia
1259 2191 1455 2286 Religionis

244 2332 268 2366 η
295 2309 420 2362 curam
438 2286 577 2361 alterius
597 2286 746 2375 habeat,
771 2310 875 2379 atque
892 2290 940 2361 ita
957 2290 1110 2360 exasiius
1126 2290 1348 2359 interomnes
1370 2313 1453 2361 con·

237 2428 270 2463 a,
297 2382 458 2459 servetur
484 2406 579 2477 pax,
606 2382 643 2455 &
674 2387 863 2457 concordia
887 2387 1051 2479 publica,
1076 2381 1257 2478 omnisque
1273 2385 1456 2459 discordiae

246 2524 271 2561 .‚
299 2478 576 2555 &dissensionis
599 2478 734 2553 occasio
751 2482 973 2573 praecidatur.
1002 2496 1025 2530 ‘⁴

294 2576 461 2651 xxxix.
509 2572 656 2651 Seorsrnr
683 2575 809 2650 deinde
833 2574 900 2650 suit
927 2570 1272 2668 declaratum-super*
1303 2576 1451 2648 articulo

246 2674 391 2749 decimo
409 2671 534 2763 quinto
559 2672 599 2762 †,
625 2673 687 2744 ubi
714 2673 879 2745 trasiatur
895 2672 939 2744 de
954 2672 1221 2767 ¹alinrentntione
1246 2672 1360 2743 danda
1383 2674 1451 2743 illis

235 2764 510 2850 ecclesiasticis,
537 2770 598 2861 qui
616 2768 663 2839 ob
680 2766 813 2842 causam
822 2767 1020 2863 Religionis
1038 2766 1240 2853 deserudre,
1259 2788 1319 2839 ant
1334 2768 1452 2842 adhuc

243 2870 327 2942 sunt
349 2862 514 2941 deserturi
529 2862 753 2949 monasteria,
779 2866 962 2962 inquibus
985 2866 1149 2960 agebant,
1171 2861 1209 2935 dr
1226 2888 1271 2935 an
1289 2862 1449 2959 possent,

245 2967 314 3062 (ut
327 2963 397 3057 jarn
414 2983 488 3033 turn
502 2960 711 3033 videbantur
727 2962 842 3056 velle)
868 2962 1012 3058 adipisci
1037 2962 1296 3043 haereditatem,
1323 2963 1360 3035 ἃ
1377 2961 1452 3035 suc·
1490 2983 1493 2995 ·

233 3059 437 3137 *cedere'in
463 3057 592 3144 bonis,
617 3078 815 3153 parentum,
845 3058 1012 3142 fratrum,
1036 3060 1206 3147 suorum,
1232 3059 1452 3153 aliorumque

245 3156 612 3249 consanguineorum,
638 3152 880 3247 postmortem
899 3156 1093 3244 deferretis,
1120 3175 1180 3227 aut
1210 3155 1326 3227 adhuc
1353 3158 1452 3227 dere·

243 3254 446 3347 linquendis
466 3302 477 3338 ‚
502 3274 695 3345 eorumque
712 3254 833 3339 etiarn,
863 3277 944 3348 quae
962 3254 1134 3349 posfident
1152 3274 1222 3346 pro
1239 3254 1326 3338 vita,
1346 3254 1451 3324 titulo

243 3351 469 3443 donationis,
503 3372 562 3423 aut
593 3350 660 3422 alia
698 3352 821 3443 quavis
853 3348 1106 3445 resignatione,
1130 3368 1193 3419 aut
1215 3348 1449 3432 alienatione,

243 3466 289 3522 ac
310 3444 387 3538 post
403 3447 536 3519 obitum
557 3445 760 3533 securitate,
786 3450 878 3520 unde
898 3448 1019 3519 multae
1035 3447 1122 3520 oriri
1137 3466 1178 3516 ac
1195 3440 1290 3516 nasci
1311 3442 1451 3541 pollent

242 3544 399 3641 querele
419 3540 454 3611 dt
475 3543 559 3615 lites.
980 3586 983 3593 ·

295 3679 320 3713 υ
346 3634 422 3708 XL.
449 3635 613 3713 Dehisce
632 3639 800 3723 statodre,
827 3662 947 3713 omnes
968 3638 1123 3712 asiiones
1147 3636 1355 3733 judicialiter
1374 3636 1447 3730 jorn

172 3798 175 3801 .
241 3778 267 3815 „
296 3737 503 3818 intentatas,
530 3738 683 3831 quasque
716 3736 928 3833 inposterum
948 3737 1118 3811 intentare
1148 3754 1265 3828 partes
1292 3736 1445 3821 vellent,

238 3878 265 3914 ,‚
294 3828 484 3924 suspendi,
518 3832 634 3905 donet:
660 3856 722 3926 per
746 3834 1031 3920 confoederatos,
1064 3830 1242 3926 aliosque,
1269 3830 1330 3925 qui
1362 3830 1446 3903 huic

238 3974 263 4010 η
293 3924 583 4003 confederationi
603 3926 791 4023 adjungere
813 3928 881 4004 sese
900 3928 1446 4029 vellent,interventionexdeni·
1548 4020 1551 4024 ¹

225 4071 263 4108 .„
291 4022 1444 4122 qneMagistratuum‚finecessrtasposiularet,alitersrtstatutum.”

289 4120 384 4195 XLI.
411 4120 614 4217 Adjunxdre
641 4120 710 4197 sese
729 4121 809 4197 huic
835 4122 1124 4201 confederationi
1148 4116 1256 4219 p'aulo
1273 4120 1352 4217 post
1378 4142 1444 4216 per

227 4220 469 4321 particulares
483 4220 682 4318 Deputatos
702 4218 1035 4317 Trajeetumniffos
1047 4274 1059 4312 ,
1083 4216 1445 4308 Gandavenses,ssru·
1548 4258 1559 4272 =

283 4370 469 4509 *Quies
505 4390 578 4517 up.
606 4420 800 4513 n.xx1v,
869 4430 1071 4597 thzsup.
1091 4429 1314 4529 nunus..
1360 4340 1444 4416 gen*
