3984 5167
377 512 1232 643 ultuERsQUAR‘TUS.
1341 540 1431 656 ‘31⁵5

222 751 261 802 a»
287 721 403 821 aliqua
413 721 631 818 istiuaedisbi
646 729 727 819 pure
743 722 969 819 infringitur,
985 724 1023 800 δι
1040 710 1431 827 informationem'supet
1471 722 1581 838 4517'8,

220 854 259 899 ·„
285 844 327 894 eo
343 820 524 904 habitam,
549 816 668 893 saltem
687 844 706 891 a
725 823 836 896 tribus
850 841 976 895 eorum
989 817 1237 915 subscriptam,
1256 824 1431 922 consigna.

222 946 260 1001 υ
285 917 373 990 buut
394 915 613 1013 Magistratui
626 966 638 999 ,
651 918 728 1013 ‘qui
747 918 824 991 visa
850 916 911 990 illd
934 918 1069 992 curabit
1087 916 1150 1011 egi
1165 934 1303 990 ¹contra
1322 920 1430 997 delin-

224 1053 260 1091 ν,
284 1014 683 1107 quercea-executione
697 1036 880 1108 poenarum
897 1034 975 1108 qoae
999 1010 1111 1109 supra.

275 1148 308 1193 η,
322 1108 496 1184 -Praedit-ti
502 1130 621 1182 tamen
631 1131 779 1204 quatuor
789 1111 858 1183 viri
871 1132 945 1184 non
960 1110 1152 1183 manebunt
1165 1109 1202 1181 in
1218 1111 1281 1183 illo
1289 1132 1431 1186 munere

221 1233 260 1281 o
282 1204 374 1280 ultra
387 1228 496 1279 unum
513 1227 669 1296 annum,
693 1208 730 1282 in
740 1228 934 1301 corumque
951 1206 1108 1283 locumb
1128 1205 1337 1303 Magistratu
1347 1226 1432 1285 tunc

224 1301 535 1381 „constituentur
552 1302 622 1375 alb
1414 1382 1417 1389 ,

156 1399 160 1406 “
269 1409 306 1478 ³„
341 1395 510 1493 Denique
522 1408 614 1470 cnm
640 1416 684 1471 ex
713 1394 953 1471 inobedientia
971 1395 1209 1493 quarumdam
1238 1398 1433 1493 (licitatum

231 1537 258 1575 ‚‚
282 1493 405 1566 harum
433 1496 645 1589 regionum,
683 1494 841 1566 oriantur
874 1514 1009 1588 magnae
1036 1490 1254 1583 diffidentiae,
1279 1498 1433 1592 indeque
1460 1520 1462 1522 ·

233 1632 258 1669 η
285 1589 496 1685 contigerit,
520 1590 687 1664 retardati
703 1587 1126 1683 libertatemReligionit,
1151 1590 1309 1686 nihilque
1322 1580 1457 1665 securi‘

232 1728 258 1766 η
282 1684 385 1759 statui
392 1700 511 1780 queat,
522 1683 583 1757 nist
598 1684 785 1760 instaurata
801 1686 1021 1772 obedientia,
1040 1686 1208 1776 edicitur,
1224 1709 1265 1761 ac
1275 1685 1434 1762 Decrete

226 1824 257 1861 η
281 1780 463 1870 statuitur,
498 1784 596 1877 quod
613 1804 737 1856 omnes
759 1780 1007 1878 Magistratus,
1031 1780 1161 1877 aliique
1183 1779 1434 1879 cujuscumque
1563 1830 1566 1838 -

225 1921 258 1958 .„
283 1876 447 1963 ordinis,
481 1878 519 1952 &
536 1878 747 1953 conditionis
761 1876 844 1962 srnt,
869 1878 1079 1952 tenebuntur
1093 1878 1260 1963 obedire,
1285 1878 1322 1952 δι
1337 1879 1431 1953 satie·

220 2006 257 2057 a,
280 1970 561 2062 facereedislis,
579 1998 625 2049 ac
650 1973 954 2050 constitutionibus
972 1974 1184 2050 Arcbiducie
1207 1972 1433 2053 Gubemato·

220 2113 257 2153 «η
281 2071 354 2160 ris,
379 2070 417 2143 δι
440 2064 610 2145 Praefetu
631 2074 819 2168 generalis,
846 2068 1094 2166 Ordinumque
1118 2074 1361 2167 generalium,
1393 2075 1431 2145 in

221 2200 256 2248 ³,
281 2165 554 2255 conscribendo,
567 2167 714 2251 alendo,
726 2166 772 2241 ad
790 2166 962 2263 stipendia
979 2167 1220 2254 admittendo,
1236 2167 1432 2242 abdicando

231 2307 257 2345 n
282 2264 411 2349 milite,
431 2261 666 2360 praesidiisque
692 2265 966 2354 constituendis,
991 2266 1218 2361 colligendis,
1236 2286 1278 2338 ac
1295 2262 1432 2359 dispen-

231 2402 256 2440 υ
279 2360 395 2445 fandis
406 2357 592 2456 pecuniis,
612 2384 658 2433 ac
681 2361 889 2455 generaliter
913 2361 951 2434 in
970 2361 1173 2449 omnibus,
1213 2383 1282 2457 que
1305 2359 1431 2435 statum

229 2488 257 2536 υ
282 2456 558 2540 Gubemato‘ris,
584 2478 625 2528 ac
639 2452 801 2530 Praefecti
818 2456 987 2552 generalia
1007 2476 1233 2530 concernunt.

280 2595 306 2633 n
331 2550 478 2648 Captivi
497 2548 742 2650 cujuscumque
757 2552 908 2648 gradus,
924 2553 968 2626 dc
980 2554 1207 2639 conditionis,
1217 2550 1431 2647 &quocum

231 2691 257 2731 η
308 2669 352 2722 ue
379 2650 418 2721 in
440 2649 522 2722 loco
551 2647 789 2729 detineantur,
813 2644 883 2723 fine
911 2649 1009 2720 omni
1036 2647 1244 2741 exceptione
1272 2646 1431 2724 sustentur

231 2784 257 2826 a,
274 2671 396 2819 ianm
427 2742 559 2837 judicio
588 2762 668 2816 ante
717 2744 836 2818 udices
866 2740 945 2818 suos
973 2744 1198 2834 ordinarios,
1224 2740 1262 2816 δι
1278 2740 1339 2816 nifi
1359 2744 1430 2821 boc

231 2885 257 2922 n
280 2840 372 2932 fiat,
401 2840 647 2916 relaxabuntur
665 2837 728 2913 sub
748 2838 871 2915 talibus
888 2838 1175 2927 conditionibus,
1204 2835 1243 2913 dt
1262 2840 1431 2914 mutioni-

231 2980 255 3019 η
280 2938 366 3025 bur,
390 2939 444 3011 uti
460 2935 629 3033 expedire
639 2933 821 3010 videbitur
836 2937 881 3010 ad
897 2938 1049 3031 quietem
1061 2936 1250 3031 publicam,
1263 2960 1303 3012 ac
1314 2936 1430 3011 unlus·

229 3078 255 3115 n
280 3031 445 3131 cuiusque
466 3030 699 3119 securitatem,
720 3031 760 3105 dc
777 3035 841 3129 qui
856 3046 980 3108 contra
998 3031 1165 3121 feceriut,
1191 3035 1431 3129 derelinquen·

230 3174 255 3211 n
278 3150 357 3218 tur,
388 3153 564 3228 tamquam
587 3128 729 3215 hostes,
759 3129 797 3204 bc
817 3129 1078 3225 perturbatores
1094 3129 1225 3224 *quietis
1252 3129 1428 3224 publicae,

230 3269 255 3306 n
278 3228 442 3322 bonaque
471 3245 593 3303 eorum
619 3224 889 3321 applicabunmr
916 3227 1071 3323 poblicae
1097 3224 1308 3315 necessitati,
1338 3224 1430 3300 citra

231 3364 255 3400 n
279 3322 522 3419 praejudicium
545 3322 768 3397 creditorum.

279 3455 305 3493 n
329 3418 367 3490 Si
383 3438 498 3493 tamen
514 3415 920 3516 aliquaeluerintcausae,
944 3418 1152 3491 tamrationi
1166 3414 1427 3505 consentaneae,

229 3556 254 3594 n
280 3534 428 3609 quaeque
463 3517 581 3610 aliquo
603 3514 713 3588 modo
743 3515 946 3590 dilationem
974 3515 1179 3611 patiantur,
1215 3512 1253 3587 δι
1276 3535 1427 3609 quarum

229 3653 253 3690 η
277 3607 435 3705 respectu
459 3612 585 3703 merito
618 3610 743 3686 debeat
763 3607 996 3706 supersederi,
1031 3612 1067 3684 in
1099 3611 1269 3685 ditiorum
1297 3605 1428 3682 edisio·

226 3749 252 3787 n
276 3728 374 3793 ruru,
399 3709 456 3781 vel
485 3709 767 3783 constitutionum
795 3707 1019 3797 executione,
1044 3707 1163 3782 licebit
1188 3708 1258 3781 hoc
1287 3704 1423 3787 facere,

226 3846 253 3885 n
277 3802 392 3878 donec
405 3799 563 3899 supereo
578 3800 717 3897 scriptis
725 3855 739 3895 ,
754 3802 841 3898 quid
855 3800 933 3878 fieri
943 3802 1069 3879 debeat
1081 3799 1238 3879 modeste
1249 3802 1424 3891 indicato,

219 3936 251 3982 2„
276 3902 379 3975 aliter
395 3898 502 3974 fuerit
526 3900 716 3975 decretum.
835 3982 839 3989 ⁸

269 4029 300 4076 a,
319 3995 368 4070 -ld
375 4019 477 4093 vero,
486 3999 585 4093 quod
598 3993 752 4071 secundo
764 3992 869 4071 suerit
878 3994 1059 4083 sancitum,
1069 4006 1173 4092 qualn
1184 3994 1335 4091 primum
1345 4015 1425 4067 exe·

227 4135 252 4173 n
275 4094 410 4169 curioni
432 4094 590 4167 tradetur
614 4094 701 4169 citra
722 4114 862 4166 omnem
886 4094 1204 4168 contradictionem.
1253 4088 1346 4166 Huc
1377 4108 1426 4164 ta*

225 4229 251 4268 n
274 4212 355 4264 men
374 4192 490 4263 omnia
510 4186 581 4297 stne
598 4188 804 4287 praejudicio
820 4192 1105 4285 privilegiorum,
1127 4186 1317 4355 usuumpue
1341 4190 1428 4260 anti-

195 4294 202 4307 '
226 4323 252 4363 n
276 4306 427 4380 quorum
445 4286 612 4360 distamm
629 4282 912 4378 Provinciarum,
963 4309 1018 4361 uae
1036 4287 1098 4385 qui
1123 4282 1427 4375 ue,nullbabira

222 4394 260 4463 ‘n⁸
305 4376 453 4461 ‘amum
468 4382 662 4469 edistomm
676 4384 942 4554 rasionefimane
1046 4386 1083 4461 in
1099 4310 1161 4464 ino
1174 4381 1300 4483 vigore
1308 4432 1322 4468 2
1345 4392 1428 4547 elffii

853 4502 872 4557 l'
897 4502 918 4554 2
941 4525 944 4534 ¹
1282 4515 1307 4557 υ
1331 4494 1378 4547 nu
