3984 5167
453 563 456 570 Δ
540 477 627 565 216
682 473 717 582 J.
745 470 792 562 Β;
821 425 895 562 nu
930 467 1182 566 TASSIS
1219 458 1614 568 COMMENT.

388 664 494 752 1576·
540 662 855 743 commerciilibera
866 644 1737 761 erat,paulatimhaereticapravitateseimbuerant,

541 785 689 859 quorum
712 783 829 848 mens,
854 785 896 835 ac
919 765 1082 838 voluntas
1106 760 1150 834 ad
1176 763 1309 834 Auriati
1336 761 1568 833 intentionem
1592 763 1740 834 omnino

541 857 748 940 necessaria,
775 857 813 930 dt
831 862 1093 932 accommodata
1110 878 1195 929 erat.
1221 854 1404 930 Accessere
1419 855 1464 929 ad
1480 857 1578 944 haec,
1599 859 1738 930 Auriucr'

542 956 727 1028 admodum
745 949 928 1026 artificiosa
945 957 1069 1048 agendi
1080 955 1189 1039 ratio,
1215 950 1479 1048 Hispannorum
1497 951 1534 1021 in
1545 951 1743 1043 gubernan-

543 1052 591 1132 do
609 1052 862 1144 imprudentia,
890 1069 1084 1124 extremum
1101 1071 1225 1121 contra
1246 1051 1324 1123 illos
1340 1065 1553 1141 conceptum
1571 1049 1741 1142 paulatim

542 1147 687 1233 odium,
714 1165 871 1218 necnon
891 1144 997 1219 crassa
1018 1147 1160 1217 nimium
1175 1145 1402 1238 plurimorum
1427 1139 1615 1238 Belgarum
1640 1144 1741 1237 igno·

542 1244 678 1326 rantis,
700 1244 879 1356 'nullaque
904 1241 1082 1314 estimatio
1108 1238 1234 1335 scopi,
1257 1263 1329 1336 quo
1359 1239 1509 1324 animum
1538 1239 1743 1311 intendebat

544 1339 725 1412 Astruitur:
753 1339 835 1410 hinc
857 1337 929 1409 illae
942 1338 1144 1430 lachrymae.
1190 1333 1286 1408 Haec
1311 1332 1407 1422 sunt,
1424 1356 1493 1429 que
1512 1329 1674 1428 Belgium
1698 1356 1751 1424 em

543 1431 742 1544 faelicissmo
755 1433 843 1506 statu
860 1433 899 1504 in
928 1431 1128 1509 immensum
1153 1429 1362 1505 miseriarum
1389 1430 1599 1504 barathrum
1616 1430 1741 1526 praeci·

545 1547 713 1696 missis.
735 1619 885 1717 Hispani
908 1621 987 1697 viss
1006 1623 1083 1709 his,
1108 1645 1191 1719 quae
1212 1621 1387 1696 Bruxellae
1414 1619 1653 1731 agitabantur,
1678 1618 1744 1696 fibi

468 1804 475 1812 ,
548 1742 621 1792 ιιοιι
641 1716 808 1802 defuere,
833 1715 1097 1792 utaudihoritas
1121 1721 1233 1814 regia,
1260 1741 1308 1791 ac,
1347 1736 1470 1812 ropna
1489 1713 1581 1790 salus
1604 1715 1754 1791 conset·-

547 1833 701 1889 varetur.
750 1813 829 1886 Scri
857 1810 897 1886 stt
915 1816 1006 1887 Roda
1024 1814 1211 1888 Tribunali
1224 1813 1305 1887 Con
1319 1816 1369 1886 ilii
1383 1813 1499 1886 Status
1514 1803 1670 1907 aliisque,
1695 1835 1741 1885 ne
1815 1819 1819 1830 '

547 1907 642 2008 Regi
663 1911 738 1983 ulio
758 1931 815 1982 mo
842 1907 1053 1998 odorifere,
1083 1910 1154 1983 hoc
1179 1913 1228 1982 nil
1253 1909 1313 1982 nist
1338 1905 1442 1982 risum
1472 1911 1620 2004 peperit
1665 1908 1752 1982 Gu·'

549 2002 969 2082 bernabatMastrichtum
981 2005 1371 2095 FranciscurMonrrsdora
1385 1999 1565 2097 Hispanus
1575 2000 1744 2078 virfortis
1763 2077 1771 2087 ,

551 2125 594 2175 ac
608 2099 784 2187 strenuus,
804 2121 957 2174 necnon
976 2099 1120 2174 scientia
1136 2104 1188 2175 rei
1203 2100 1358 2174 militaris
1376 2098 1512 2185 clarus,
1543 2100 1573 2172 is
1592 2099 1745 2174 habebat

551 2197 588 2269 in
605 2193 771 2292 Burgho,
788 2199 883 2289 quod
903 2196 951 2269 ibi
967 2217 1118 2282 vorant,
1133 2199 1197 2290 qui
1214 2198 1233 2269 d
1255 2197 1397 2269 civitate
1414 2193 1558 2268 flumine
1574 2195 1678 2267 Mosa
1693 2197 1745 2267 di·

552 2291 706 2378 viditur,
726 2294 911 2384 Matrinum
931 2293 1072 2386 Apulam
1091 2293 1192 2369 unius
1211 2315 1335 2364 turmae
1361 2290 1518 2386 equitum
1545 2287 1745 2388 sclopetari·

553 2409 654 2461 orum
688 2387 921 2473 Praeseslurn,
961 2386 1117 2485 duasque
1142 2392 1253 2461 tu'rres
1278 2388 1314 2459 in
1337 2389 1445 2458 altera
1467 2387 1619 2460 civitatis
1646 2407 1748 2482 parte

553 2484 598 2555 ad
626 2503 763 2579 portam
789 2481 1044 2557 Bruxellensem
1075 2485 1289 2565 existentes,
1321 2481 1481 2576 Hispano
1509 2485 1613 2555 etiam
1640 2483 1749 2554 milite

551 2579 739 2666 firmavit,
782 2597 821 2651 ut
852 2577 899 2651 stc
942 2591 1022 2651 cum
1056 2579 1162 2655 essent
1194 2583 1230 2651 in
1260 2579 1406 2651 civitate
1437 2575 1642 2672 praefidiarii
1668 2582 1753 2672 qua-¹

553 2695 636 2749 tuor
667 2679 831 2748 cohortes
865 2671 1126 2749 Germanorum
1160 2673 1358 2768 Elerllrynt’r'
1386 2674 1533 2768 legionis
1572 2677 1752 2767 (quorum

506 2815 509 2823 r
555 2769 641 2844 sides
681 2771 844 2864 exemplo
880 2767 1036 2864 supremi
1074 2773 1214 2844 illorum
1253 2766 1413 2842 Praesesti
1448 2768 1574 2842 merito
1596 2765 1754 2864 suspesla

554 2865 659 2960 erat)
684 2865 858 2938 securitati
888 2865 1075 2950 civitatis,
1108 2867 1261 2940 exafflut
1292 2866 1547 2962 provideretur.
1596 2867 1752 2940 Rornrrrrt

555 2982 675 3036 curam
697 2959 971 3046 communiendi,
1006 2960 1304 3055 conservandique
1321 2959 1438 3032 Liram
1459 2963 1497 3034 in
1523 2958 1559 3032 se
1583 2957 1751 3053 suscepit:
1867 2997 1877 3018 ·

556 3056 689 3129 Saucius
708 3075 838 3150 pagum
857 3057 976 3142 illum,
1002 3059 1065 3152 qui
1081 3055 1131 3129 est
1151 3055 1333 3152 oppositus
1351 3056 1556 3153 Antverpiae
1581 3059 1619 3129 in
1644 3057 1752 3129 alteru

554 3148 713 3225 Schaldis
740 3154 816 3246 ripa
832 3149 1031 3226 Flandriam
1057 3149 1176 3226 versus
1206 3154 1300 3226 vallo
1336 3151 1465 3240 cinxit,
1499 3148 1753 3248 praesidioque,

554 3242 751 3341 Hispanico
769 3248 926 3320 munivit.
951 3247 1116 3322 Manssre
1132 3269 1302 3343 praeterea
1317 3249 1512 3321 constantes
1530 3267 1610 3322 curn
1621 3244 1753 3342 Hispa·

553 3343 612 3452 nis
628 3342 779 3436 Nicolaut
798 3344 977 3456 Polntyer,
992 3345 1143 3438 Georgius
1167 3345 1392 3457 frorrsbrrch,
1416 3343 1455 3418 dt
1480 3343 1607 3414 Carolus
1633 3341 1755 3429 Ftrar,

554 3435 836 3622 lli-fiilis?
845 3441 1006 3630 sissi,
1022 3437 1757 3624 {lullitpsssillssssilli‘ir

555 3625 627 3701 fide
639 3649 797 3704 retentas,
828 3628 900 3701 His
916 3630 1114 3705 constitutis
1132 3632 1254 3717 rebus,
1278 3633 1393 3726 parati
1409 3651 1531 3703 omnes
1548 3630 1756 3723 expectare,

553 3725 642 3820 quid
661 3726 705 3805 ab
724 3723 920 3798 Ordinibus
942 3745 1144 3801 tentaretur.
1194 3727 1249 3799 Hi
1272 3727 1360 3799 verd
1377 3725 1546 3800 continuo
1562 3726 1665 3797 armis
1676 3745 1758 3818 age·

554 3815 1758 4011 illisisillulillilsllliiilius‘assilit

555 4011 668 4082 extrui
694 4011 821 4085 Carolus
845 4014 890 4087 V.
916 4012 1033 4086 Caesar
1057 4037 1139 4088 cum
1160 4015 1205 4086 ad
1233 3942 1443 4106 puniessdam
1468 4009 1755 4086 Gandavenstum

554 4104 810 4191 rebellionem,
843 4132 889 4183 ex
923 4106 1093 4202 Hispania
1145 4129 1183 4181 er
1207 4107 1380 4198 Galliam,
1412 4110 1536 4204 paucIs
1570 4111 1759 4181 comitatus

554 4197 776 4292 domesticis,
799 4203 839 4278 δι
862 4201 1033 4298 Franscr‘sci
1049 4205 1081 4277 s.
1113 4131 1169 4278 Kc
1207 4227 1230 4278 s
1241 4203 1370 4278 Galliae
1386 4204 1455 4278 fide
1473 4203 1582 4278 fretus
1589 4253 1604 4289 ,
1624 4205 1660 4277 iu
1676 4201 1762 4274 Bel·

554 4297 652 4393 gium
671 4317 738 4395 per
751 4299 883 4378 celeres
902 4321 1013 4398 equos
1053 4225 1352 4398 vulgogsostam)
1376 4323 1526 4380 uenerat
1553 4298 1771 4474 Annfflss
