3984 5167
414 518 714 619 LIBER
771 522 1232 639 QUINTUS
1374 561 1455 660 353

309 744 335 783 t,
358 700 459 782 LVI.
486 696 709 779 Gubernatio
722 703 892 801 generalis
903 700 1018 800 Belgii
1028 702 1182 779 manebit
1196 726 1304 801 penes
1317 706 1457 785 serenis·
1507 760 1524 813 Ι

262 841 288 881 a
312 798 431 875 fimum
447 796 685 875 Archiducem
702 803 905 890 Mattblam,
930 802 973 874 iis
992 801 1251 875 conditionibus
1270 854 1283 890 ,
1301 828 1386 899 quas
1399 806 1456 903 ju·

263 938 286 975 n
310 893 419 981 ravit;
444 917 549 991 quem
564 891 590 967 st
608 898 791 993 contingat
812 897 1010 987 decedere,
1029 918 1089 972 aut
1104 895 1196 972 forte
1212 895 1282 971 sese
1295 902 1456 977 aliovelit

261 1034 286 1073 n
311 990 520 1080 transferre,
539 991 653 1087 Regia
674 992 838 1090 Majestas
858 1018 929 1069 non
950 996 1082 1090 poterit
1104 993 1322 1069 committere
1350 999 1453 1071 aliurn

259 1130 284 1167 n
307 1090 590 1185 gubernatorem,
605 1087 667 1161 nist
683 1114 819 1186 gratum
829 1088 1026 1166 Ordinibus
1034 1114 1078 1163 ex
1093 1089 1161 1165 suis
1178 1089 1432 1168 scilicetliberis
1441 1145 1455 1185 ,

258 1226 282 1265 η
308 1208 368 1261 aut
393 1185 655 1280 consangnineis
684 1188 866 1285 legitimis,
892 1189 954 1282 qui
983 1188 1157 1261 tenebitur
1177 1191 1293 1284 jurare
1316 1187 1454 1262 eosdem
1552 1264 1557 1271 ,

258 1321 283 1360 n
308 1284 472 1357 articulos
489 1304 531 1353 ac
546 1282 766 1357 conditiones
789 1285 916 1379 quibus
939 1305 1101 1378 receptus
1123 1281 1231 1357 fuerit
1248 1280 1362 1359 dietus
1377 1283 1455 1359 Do·

261 1416 284 1457 tt
309 1380 421 1453 minus
438 1376 633 1451 Archidux.

310 1515 334 1551 η
361 1471 476 1549 LVll.
517 1468 617 1543 Nulli
645 1470 868 1568 imposterum
892 1472 1116 1549 admittentur
1147 1476 1190 1549 ad
1219 1476 1456 1570 gubernacula

261 1609 286 1645 η
311 1568 596 1655 Provinciarnm,
622 1567 823 1658 civitatum,
849 1574 993 1660 arcium,
1008 1572 1045 1644 ἃ
1059 1570 1289 1655 castellorum,
1306 1573 1456 1646 militum

259 1704 286 1743 n
312 1663 562 1760 praefedlurast
588 1686 700 1760 neque
718 1667 762 1737 ad
780 1664 932 1740 Confilia
950 1668 1092 1754 Status,
1118 1666 1315 1755 Secremm,
1331 1669 1457 1743 autFi·

260 1801 285 1839 n
311 1764 535 1846 nunciatum,
561 1780 619 1831 ant
635 1764 701 1835 alia
725 1760 838 1835 officia
855 1765 971 1857 magni
988 1767 1175 1851 momenti,
1200 1764 1260 1838 nist
1284 1768 1457 1837 naturales

259 1897 286 1935 n
311 1857 446 1953 belgii,
466 1856 504 1934 dt
521 1856 609 1929 bene
628 1858 767 1944 idonei,
792 1858 854 1953 qui
868 1860 1035 1935 steterunt
1053 1858 1072 1933 i
1090 1860 1246 1955 partibus
1257 1858 1455 1945 Ordinnm,

258 1995 284 2031 n
311 1956 492 2050 utsupra,
520 1952 559 2027 δι
574 1955 664 2046 grati
681 1951 744 2028 fint
759 1952 956 2029 Provinciis
975 1956 1013 2029 dc
1036 1955 1266 2045 civitatibus,
1301 1954 1346 2030 ad
1393 1981 1455 2029 uas

260 2091 287 2127 υ
313 2052 511 2127 mittentur:
553 2048 629 2135 Qui
656 2072 852 2146 antequam,
867 2051 1112 2137 admittenmr,
1141 2055 1355 2127 tenebuntur
1369 1982 1457 2127 iolc-

259 2186 286 2223 η
312 2145 663 2243 mniterjurarehanc
679 2170 821 2243 pacem,
847 2170 993 2244 eamque
1011 2145 1081 2221 sese
1095 2149 1265 2225 inviolate
1282 2166 1457 2224 tutaturos

138 2280 141 2293 ·
259 2284 285 2323 n
311 2266 353 2318 ac
371 2241 634 2328 observaturos,
658 2241 802 2340 ipsaque
815 2242 908 2317 idem
928 2244 1137 2339 Privitegia,
1153 2245 1457 2340 Consuetudines,

258 2380 285 2417 n
312 2336 440 2434 Jura&
454 2336 547 2412 Usus
563 2342 740 2431 generales
753 2338 1030 2505 &particulares
1046 2340 1170 2436 Belgiia
1180 2365 1221 2417 ac
1229 2341 1456 2437 jurejurando

261 2476 288 2514 n
313 2436 382 2513 sese
400 2430 680 2530 adstringent,st
707 2434 792 2511 tesci
808 2456 889 2508 cant
907 2436 1041 2530 aliquid
1063 2434 1198 2511 tratum
1222 2439 1256 2509 in
1276 2441 1350 2533 ejus
1369 2463 1459 2535 prae·
1530 2482 1535 2489 ·

263 2572 290 2611 n
318 2532 504 2618 odicium,
529 2530 625 2626 quod
639 2529 679 2603 ei
689 2528 734 2604 de
752 2553 788 2603 re
805 2528 971 2604 certiores
986 2530 1134 2605 reddent
1145 2531 1301 2607 Ordines
1315 2558 1458 2629 genera·

252 2667 290 2707 ,η
329 2652 364 2703 es
392 2626 680 2722 &particulares
703 2622 997 2716 Provinciamm,
1022 2628 1119 2723 qnod
1144 2630 1183 2701 ni
1208 2628 1364 2720 faciant,
1388 2652 1458 2727 pro

266 2761 291 2800 rr
317 2724 463 2821 perjuris
482 2722 661 2799 habendos
682 2718 760 2796 eise.
1187 2790 1191 2796 .

253 2862 260 2903 ,ι
314 2862 338 2899 „
364 2818 498 2891 LVllI.
525 2816 621 2909 Quia
638 2819 727 2893 verd
749 2816 909 2914 Belgium
932 2820 969 2893 in
992 2817 1054 2893 has
1069 2819 1277 2895 calamitates
1301 2819 1338 2895 δι
1363 2818 1459 2897 mise·

265 2956 291 2995 n
316 2916 405 3004 rius,
428 2936 522 2993 ortas
549 2936 593 2989 ex
616 2913 728 3001 bello,
753 2918 849 3011 quod
873 2938 992 2991 natum
1017 2939 1060 2989 ex
1092 2912 1299 2991 infractione
1316 2911 1416 2991 Pacis
1438 2916 1459 2996 d

264 3052 290 3091 n
315 3014 493 3110 qnondam
532 3011 690 3086 Domino
721 3012 850 3107 Joanue
875 3012 1068 3109 Austrum,
1107 3012 1253 3100 incidit,
1287 3016 1457 3109 quodque

263 3150 289 3188 η
312 3112 418 3186 etiam
437 3107 592 3187 Ordines
625 3108 737 3183 contii
762 3106 905 3186 fuerunt
941 3132 1118 3207 exponere
1142 3134 1199 3184 ma
1223 3130 1285 3182 nas
1310 3108 1474 3185 summast

265 3247 289 3283 n
343 3208 541 3282 ecuniarum
560 3204 773 3291 Colonellis,
799 3204 1022 3303 Capitaneis,
1047 3208 1086 3282 dt
1103 3134 1292 3288 nitidius,
1307 3230 1458 3301 quorum

253 3343 290 3381 ,η
315 3230 441 3379 illusio
455 3304 620 3398 privatim
635 3304 679 3379 ad
694 3298 828 3397 Regem
844 3304 1043 3397 pertinebat
1060 3352 1071 3387 ,
1098 3327 1138 3375 ea
1153 3300 1232 3397 spe,
1256 3321 1296 3373 ut
1311 3305 1346 3372 in
1362 3300 1458 3376 futu·

254 3436 289 3475 ,υ
313 3424 389 3472 rum
406 3400 567 3495 Belgium
586 3401 621 3471 in
638 3400 883 3494 tranquillitate
901 3394 1183 3482 conservaretur,
1207 3396 1278 3469 Sua
1293 3395 1459 3490 Majestas

266 3532 290 3569 n
316 3492 498 3571 Catholica
513 3493 706 3571 Ordinibus
723 3492 879 3570 restituet
896 3516 971 3565 eant
991 3489 1176 3578 summam,
1195 3515 1299 3587 quam
1311 3495 1458 3566 militum

255 3630 292 3674 ,n
316 3590 494 3685 stipendiis
521 3594 764 3686 impenderunt
786 3592 830 3663 ad
850 3590 961 3662 minus
981 3590 1024 3661 ad
1049 3588 1166 3664 decies
1188 3586 1293 3683 usque
1310 3610 1459 3664 centena

252 3725 291 3765 ,η
316 3688 424 3759 millia
445 3707 718 3776 coronatorum,
744 3684 870 3780 eosque
895 3684 1135 3759 exonerabiti
1158 3686 1299 3780 reliquis
1324 3686 1458 3779 obliga·

266 3822 290 3859 η
317 3782 491 3869 tionibus,
509 3804 592 3877 quus
607 3781 708 3857 diuis
729 3780 898 3855 militibus
916 3780 1105 3867 dederunt,
1120 3783 1202 3875 quia
1218 3780 1460 3868 conditiones,

266 3918 291 3955 υ
316 3877 444 3973 quibus
462 3900 513 3953 ete
538 3882 699 3973 pecuniae
713 3876 888 3974 promillae
902 3876 1021 3964 fuere,
1042 3900 1115 3950 non
1132 3878 1210 3949 sunt
1227 3876 1435 3971 adimpletae.

187 4020 198 4027 -
248 4042 256 4055 .
314 4016 338 4050 tr
364 3972 460 4049 LIX.
485 3974 535 4048 Et
552 3977 634 4069 quia
651 3972 803 4047 Ordines
820 3970 895 4045 sunt
916 3972 1064 4065 obligati
1085 3970 1303 4079 Sereniliipae
1329 3974 1460 4067 Regina

268 4111 292 4147 n
317 4072 443 4166 Angllae
455 4071 502 4144 nb
520 4068 685 4147 finceram
698 4068 896 4157 amicitiam,
906 4068 1120 4143 vicinitatem
1138 4068 1175 4142 &
1191 4069 1354 4140 ananiam
1365 4067 1464 4165 quod

253 4206 291 4247 ,η
316 4166 382 4239 illis
397 4167 555 4262 praestitit
571 4166 615 4241 ad
631 4168 814 4239 utilitatem
835 4162 1036 4260 publicam,
1061 4162 1133 4267 ipsa
1150 4166 1464 4259 comprmendemr

269 4301 292 4337 η
317 4264 503 4359 reciproce
518 4266 554 4335 in
579 4265 648 4337 hoc
675 4259 851 4349 tractatu,
885 4260 921 4333 in
946 4260 1214 4335 confirmatione
1240 4263 1465 4356 antiquorum

268 4393 293 4431 n
317 4354 484 4433 foederum
502 4378 676 4531 perpetuo
692 4356 975 4435 conservatorum
992 4354 1083 4435 inter
1102 4354 1283 4457 Principes
1292 4408 1304 4449 ,
1317 4377 1385 4431 tarn
1394 4358 1467 4451 ejus

272 4522 279 4535 .
318 4448 405 4553 Tota.
429 4456 482 4531 ΙΙ.
535 4478 589 4531 ars
609 4476 641 4531 2.
910 4450 977 4549 Yy
1302 4450 1470 4548 „Regni

1529 757 1610 834 57⁹·
