3984 5167
417 532 718 633 traua
783 536 1190 662 suxi-us.
1352 562 1438 670 435

235 734 449 811 dubitarent.
500 732 606 808 Cives
623 733 713 805 enim
734 734 823 805 nrhrl
846 735 916 808 tale
940 729 1172 828 suspicantes,
1195 758 1265 810 non
1289 738 1336 812 ita
1360 726 1438 817 εἰῑᾶ
1481 754 1581 846 1583,
1691 786 1700 801 ·

229 834 283 905 :ad
310 854 402 907 arma
417 850 660 915 accurrerant,
684 826 743 903 sed
764 830 882 925 postea
896 831 1093 903 tarditatem
1119 832 1248 905 virtute
1267 857 1432 931 compen-

237 926 375 1015 santes,
401 950 470 1003 tam
489 924 629 1001 sortiter
646 921 760 1001 Gallis
783 926 853 1001 sese
875 925 1092 1021 opposudre,
1118 947 1158 1000 nt
1175 949 1237 1001 eos
1257 930 1294 1000 in
1315 928 1432 1026 fugam

198 1026 422 1109 „venerium
450 1022 610 1119 Cumque
631 1046 702 1119 -per
727 1046 828 1095 unarn
857 1043 999 1118 portam,
1014 1044 1114 1096 tanto
1141 1047 1286 1101 numero
1316 1030 1429 1101 exitus

235 1142 308 1193 non
324 1142 480 1215 pareret,
505 1123 565 1193 alii
580 1122 655 1193 aliis
682 1121 884 1193 cumulatim
907 1117 1231 1213 superinciderunt,
1257 1144 1353 1196 tanta
1370 1148 1429 1198 ve·

107 1257 112 1263 ·
234 1219 437 1299 hementia,
464 1236 503 1289 ut
530 1217 652 1305 brevi,
676 1217 774 1288 exitu
803 1218 945 1288 omnino
966 1216 1159 1310 praecluso,
1196 1219 1311 1292 nullus
1335 1222 1430 1294 exire

233 1332 365 1481 potens
382 1312 508 1397 fuerit,
534 1330 706 1406 portaque
730 1309 869 1479 pporsus
895 1311 1126 1387 cadaveribus
1150 1311 1256 1387 fuerit
1282 1318 1431 1410 repleta.

213 1420 233 1479 .’
257 1432 362 1505 taque
390 1408 485 1481 ferro
513 1410 643 1481 civium
667 1407 729 1486 reli
766 1408 863 1501 iqui
889 1408 984 1478 exire
1009 1430 1081 1479 non
1105 1431 1292 1504 poterant,
1318 1411 1432 1487 coasii

232 1502 352 1589 fuste,
378 1528 440 1578 aut
460 1503 573 1576 statim
589 1502 721 1597 perire,
742 1506 855 1575 autin
877 1500 980 1575 soss'as
994 1499 1064 1576 sese
1083 1504 1231 1601 desuper
1248 1530 1292 1579 ex
1310 1512 1430 1580 moeni·

232 1600 300 1674 bus
326 1601 497 1695 dejicere,
522 1602 616 1695 quod
630 1598 745 1672 secere
763 1598 925 1693 plurimi,
950 1599 1022 1671 imd
1046 1600 1084 1674 &
1106 1598 1171 1697 ipsr
1196 1604 1354 1694 equites,
1376 1601 1430 1676 us·

224 1719 304 1791 que
320 1698 409 1771 adeo
424 1696 560 1769 vicinos
576 1694 680 1768 morti
698 1692 719 1766 s
740 1717 776 1767 es
800 1694 916 1769 salutis
933 1694 1088 1768 roborat.
1130 1692 1270 1769 Peridre
1285 1698 1429 1785 infiniti,

229 1792 338 1866 'multi
352 1794 455 1867 etianr
471 1793 668 1889 qul-capti,
693 1718 910 1883 rgrnacquius
933 1790 982 1831 *¹*
1006 1791 1044 1863 du
1061 1794 1119 1864 alii
1137 1794 1321 1889 praecipui.
1340 1794 1431 1868 ³Fuit

228 1912 275 1964 ex
295 1889 437 1963 civibus
453 1889 543 1961 inter
562 1890 695 1985 primos
712 1888 774 1983 qui
794 1890 895 1960 armis
914 1907 1038 1961 contra
1055 1883 1186 1962 Gallos
1202 1893 1293 1983 egit,
1318 1888 1429 1985 pistor

108 2049 109 2052 ,
226 1985 398 2081 quidam,
423 1986 484 2078 qui
508 1984 591 2057 dum
615 1984 728 2057 nudus
753 1982 818 2078 (ut
835 1984 887 2054 eis
909 1985 1047 2072 moris)
1072 1987 1173 2081 operi
1197 1982 1260 2059 suo
1290 1987 1428 2075 studet,

224 2082 373 2155 audiens
389 2082 601 2168 tumultum,
624 2080 774 2156 accurrit
796 2077 843 2152 ad
871 2077 997 2153 ostium
1028 2079 1141 2154 visum
1166 2079 1332 2177 quidnam
1356 2085 1428 2158 hoe

224 2174 296 2253 fibi
314 2178 431 2251 vellet.
481 2176 683 2274 Intelligens
709 2198 804 2275 anna
827 2176 984 2271 undique
1008 2175 1150 2263 sonare,
1175 2177 1304 2253 hastam
1321 2189 1427 2275 quam

225 2276 279 2348 ad
294 2296 417 2348 manus
430 2272 581 2347 habebat
600 2274 768 2369 arripuit,
793 2272 1017 2367 equitemque
1030 2271 1174 2346 Gallum
1193 2274 1428 2357 transcurren-

221 2389 303 2447 tem
332 2370 479 2445 viriliter
502 2368 652 2455 invasit,
685 2389 727 2440 ac
749 2368 911 2453 occidit,
944 2390 1157 2464 arreptoque
1180 2372 1297 2463 gladio
1321 2368 1429 2468 qu'ern

222 2468 291 2542 ille
306 2468 456 2553 muttum
477 2466 628 2539 habebat
652 2464 700 2535 ita
728 2461 842 2535 nudus
862 2482 902 2537 ut
930 2483 1025 2551 erat,
1051 2486 1180 2561 equum
1198 2465 1424 2556 conscendit,

228 2585 274 2637 ac
294 2584 357 2658 per
373 2563 507 2656 plateas
529 2561 721 2635 discurrens
737 2580 1022 2653 unumquemque
1042 2562 1088 2632 ad
1111 2556 1428 2657 fortiterpu'gna'n·

224 2660 315 2731 dum
331 2659 505 2748 animans,
530 2654 677 2753 idipsum
696 2675 766 2727 tam
786 2654 938 2727 animose
951 2655 1025 2750 ipse
1041 2654 1221 2748 praestitit,
1244 2674 1288 2731 'ut
1304 2658 1427 2753 postea
1470 2674 1475 2684 '

227 2776 276 2829 ex
289 2753 432 2847 publico
452 2756 573 2827 aerario
598 2774 714 2825 annuo
739 2766 975 2825 trecentorum
1002 2747 1215 2825 florenorum
1239 2754 1355 2829 reditu
1381 2758 1426 2830 ad

258 2870 439 2945 erpetuarn
458 2852 507 2925 rei
524 2850 727 2927 memoriam
756 2847 908 2920 donatus
925 2845 1042 2920 fuerit.
1091 2847 1192 2923 Civis
1215 2854 1341 2944 procul
1362 2851 1426 2924 du·

227 2872 291 3021 gio
307 2947 404 3020 omni
422 2946 523 3023 laude
543 2968 584 3021 ac
611 2946 724 3042 gloria
746 2946 898 3038 dignus,
923 2962 1048 3039 utpote
1073 2946 1134 3040 qui
1158 2943 1249 3019 haud
1269 2943 1365 3023 secus
1385 2958 1428 3023 ao
1475 2954 1480 2962 '

226 3038 370 3117 srsoret
385 3064 536 3119 armatus
561 3040 601 3117 dt
618 3041 716 3114 miles
732 3058 918 3135 expertus,
942 3060 1011 3137 pro
1025 3042 1204 3114 communi
1231 3041 1342 3120 salute
1362 3048 1428 3118 mi·

224 3139 325 3215 nime
342 3138 515 3217 recusavit
529 3142 639 3215 vitam
657 3136 847 3211 effundere.
900 3136 1058 3211 Aurut'cus
1078 3159 1158 3212 cum
1175 3140 1262 3225 orbe
1279 3141 1428 3215 excede·

225 3246 283 3311 ret
298 3236 551 3333 Andeguuensss,
577 3234 693 3309 nescio
716 3253 786 3332 qua
814 3235 858 3305 de
879 3231 980 3307 causa
1005 3234 1042 3307 in
1065 3235 1153 3307 urbe
1169 3234 1301 3308 manfit.
1350 3236 1427 3310 Hic

226 3351 345 3405 autern
368 3334 493 3408 uidens
516 3356 589 3408 rem
604 3332 799 3427 perditam,
825 3329 938 3402 statim
964 3349 1044 3404 cum
1064 3329 1133 3403 suis
1151 3330 1429 3404 Terrem‘onda'r'n

227 3426 349 3501 versus
372 3428 548 3523 proficisci
566 3430 673 3525 coepit
683 3479 694 3515 ,
720 3430 758 3503 in
777 3447 848 3522 quo
863 3426 989 3499 itinere
1013 3424 1160 3498 multum
1178 3428 1280 3499 etiam
1297 3430 1428 3502 incom-

227 3522 328 3595 modi
344 3546 386 3598 ac
404 3524 521 3598 damni
536 3523 715 3622 perpessus
737 3520 797 3595 est.
834 3520 927 3595 Cum
947 3523 1039 3595 enim
1055 3519 1150 3596 sarna
1165 3520 1428 3619 Antverpiensrs

229 3616 399 3693 successus
417 3623 576 3697 celeriter
586 3620 815 3695 Mechlinianr
826 3617 1056 3715 pervenisset,
1074 3620 1126 3695 illi
1133 3642 1293 3716 aggerem
1307 3640 1428 3716 quem·-

226 3714 311 3789 dam
333 3717 447 3812 quiin
462 3720 521 3793 via
540 3737 633 3806 etat,
657 3714 803 3791 discindi
825 3734 1008 3805 emanant,
1033 3717 1128 3792 uode
1154 3734 1300 3813 magnus
1325 3728 1428 3813 aquae

220 3830 387 3902 torrens,
412 3814 475 3911 qui
489 3836 554 3911 per
573 3812 732 3888 eumdem
752 3836 771 3884 a
820 3836 914 3887 erem
930 3812 1200 3896 rofraenabatur,
1224 3812 1348 3885 laxatis
1364 3817 1425 3885 ha·

225 3908 358 3997 benis,
382 3908 480 3987 itale
501 3909 738 4009 undequaque
759 3934 778 3981 e
810 3910 903 3993 odit,
927 3930 965 3984 ur
985 3906 1281 4007 proficiscentium
1304 3908 1426 3982 Gallo·

228 4028 308 4079 rum
328 4008 473 4103 plurimi
494 4006 631 4081 suerint¹
644 4003 831 4091 submersi,
855 4027 1053 4102 parumque
1075 4002 1286 4101 abfuit‘quio
1301 4004 1340 4078 dt
1357 4002 1427 4101 ipse

224 4100 337 4195 Dux,
362 4124 468 4201 atque
483 4106 602 4178 omnis
628 4104 801 4178 exereitus
822 4102 998 4199 perirent:
1038 4101 1150 4195 Quod
1166 4101 1355 4177 secundum
1377 4104 1429 4175 in·

228 4194 422 4276 fenarium
444 4200 559 4300 primo
575 4202 807 4299 ‘conjunstum
822 4198 932 4275 fertur
958 4200 1069 4275 multa
1095 4198 1340 4319 eonsumpfiffq
1364 4202 1428 4275 ho·

1295 4315 1427 4375 turnum

270 4396 314 4445 ⁸*
336 4392 414 4473 Vin
433 4400 576 4474 dormitu
595 4394 645 4477 tu.
673 4414 724 4493 17.
735 4402 800 4491 sol.
813 4404 876 4574 138.
897 4402 965 4490 uso.
980 4409 1074 4492 prim.
1096 4401 1170 4476 edil.
1222 4442 1227 4449 ·

569 4536 572 4541 ·
839 4520 918 4577 112
