3984 5167
110 635 111 642 ψ
249 558 256 569 ·
369 530 1216 644 crunnouannus,
1332 535 1417 651 319

220 704 405 805 Multaque
426 719 596 802 preterea
615 704 895 783 consideracione
913 730 987 785 etat
1006 710 1174 805 dignum,
1190 711 1287 805 quod
1304 709 1416 787 etfiin
1447 723 1570 813 1578&
1706 796 1710 819 ,

220 805 337 881 reditu
362 804 450 877 nihil
474 801 596 877 linistri
615 803 813 893 accideret,
847 827 886 877 re
911 802 1041 881 insacia
1067 826 1182 879 tamen
1206 808 1292 879 nihil
1316 808 1411 901 alind

219 899 376 975 futurum
392 900 532 995 publica
544 898 777 996 .fama‚quam
791 899 942 975 ,salutern
955 900 1039 997 fuga
1049 898 1237 997 quaefiviffe
1247 955 1257 989 ,
1268 901 1414 976 summos

221 1020 289 1092 que
309 998 466 1093 periculo
487 992 663 1069 infamiam
683 1020 807 1093 pamm
831 999 1024 1093 prudenter
1052 994 1275 1094 comparasse.
1323 996 1432 1075 Haec·

219 1092 292 1181 issi,
309 1098 370 1189 qni
385 1090 551 1167 summam
568 1094 641 1182 rei,
666 1112 736 1165 tam
764 1092 917 1182 difficili,
946 1118 988 1169 ac
1011 1093 1214 1168 inconsueti
1237 1092 1415 1168 invassone

219 1188 406 1265 discrimini
431 1187 682 1281 objiciendam,
705 1187 937 1264 inconsultum
963 1193 1167 1286 putabant,
1193 1213 1274 1263 curn
1297 1210 1415 1263 tamen

219 1285 424 1382 supradicta
440 1284 601 1357 utilitatis
614 1283 790 1379 respelin,
808 1284 845 1358 δι
858 1284 964 1380 ipsul
980 1287 1099 1379 pugni
1113 1288 1193 1382 pari
1208 1308 1289 1361 cum
1304 1284 1413 1361 client

249 1380 339 1465 aliu,
361 1379 714 1467 uonabhorterent3
738 1380 844 1473 idque
864 1404 986 1455 omnes
1010 1383 1058 1453 oo
1080 1381 1351 1468 fortitudinem,
1376 1383 1415 1457 δι

258 1478 616 1562 'entiammilitarem
638 1476 785 1569 plurimi
799 1478 954 1549 veterani
979 1479 1128 1566 milites,
1147 1478 1273 1573 magnai
1290 1476 1434 1552 faelicis¹

219 1570 391 1650 sncceffus
408 1570 489 1668 sps,
515 1569 593 1644 fieri
609 1569 705 1666 polle
723 1571 975 1665 intelligerent,
996 1571 1216 1667 proposuere
1228 1575 1318 1646 hanc
1337 1572 1413 1646 sen·

220 1672 366 1749 tentiam
378 1719 391 1756 ,
401 1669 448 1741 ,in
465 1688 610 1763 eamque
625 1668 723 1743 iere:
744 1686 784 1740 ut
802 1670 974 1743 exercitus
989 1669 1202 1755 Bruxellam,
1217 1667 1416 1743 autMech·

220 1767 341 1839 liniam
355 1760 475 1838 versus
491 1765 882 1859 moveret,..omniaque
893 1765 955 1838 ibi
970 1764 1122 1840 hostilia·
1137 1767 1345 1849 minaretur,
1371 1786 1420 1839 eu

219 1858 384 1945 confilio,
410 1881 449 1935 ut
467 1857 515 1935 fic
535 1857 644 1933 hostis
659 1861 705 1933 ad
719 1859 859 1933 suorum
874 1858 1110 1935 defenlionern
1130 1882 1227 1935 extra
1251 1864 1417 1946 vallum,

220 1958 259 2033 in
276 1978 435 2052 apertum
452 1957 637 2031 eliceretur
652 1957 876 2053 campestrem
894 1958 1014 2031 looum
1032 2008 1043 2043 ,
1070 1978 1179 2052 atque
1203 1956 1323 2032 srhoc
1338 1956 1417 2031 fieri

223 2051 389 2150 potuiffet
401 2103 415 2139 ,
439 2071 523 2126 tnnc
555 2050 692 2127 strenue
726 2050 994 2148 confligeretur,
1019 2053 1070 2127 fin
1098 2056 1233 2140 minus,
1257 2054 1419 2149 intraque

220 2152 431 2224 munitiones
457 2147 493 2223 se
519 2151 746 2237 contineret,
778 2171 999 2247 nequaquam
1032 2169 1221 2225 tentaretur
1245 2151 1305 2225 ille
1334 2150 1441 2223 alter·

220 2245 409 2325 invasionis
429 2247 564 2321 modus.
588 2246 660 2321 Sed
677 2249 815 2321 tandem
830 2247 885 2319 his
901 2244 1069 2341 negleclis
1095 2248 1283 2343 praevaluit
1306 2249 1418 2321 altera

222 2343 375 2438 opinio,
399 2342 558 2436 vicitque
572 2343 718 2415 nimium
731 2343 983 2439 aliquantulum
1000 2340 1175 2441 Principis
1189 2340 1420 2419 adolescentis

223 2438 358 2519 visendi
372 2439 478 2512 hostis
494 2435 709 2513 defidcrium

271 2533 388 2608 LVII.
413 2532 535 2631 Itaque
552 2532 682 2616 adnuo
702 2532 954 2624 exLovanio,
978 2535 1019 2611 δι
1040 2535 1093 2607 ad'
1112 2534 1145 2609 se
1158 2557 1311 2611 ¹uocato·
1324 2534 1422 2609 omni

224 2634 408 2728 equitatu,
432 2651 626 2724 magnaque
647 2650 747 2724 parte
776 2630 958 2727 peditum,
980 2650 1149 2726 quatenus
1174 2636 1245 2705 hoc
1267 2632 1314 2707 ob
1333 2630 1420 2726 pio·

224 2727 459 2826 pinquitatem
487 2723 617 2799 secur&
630 2724 777 2809 liceret,
809 2729 987 2819 Ryrurnam
1010 2724 1128 2799 versus
1152 2752 1234 2802 cnm
1261 2729 1422 2803 exercitu

223 2820 404 2923 prosesslus
428 2827 462 2889 ὓ.
501 2819 647 2896 Neceffe
672 2843 747 2897 erat
770 2819 911 2896 transtre
935 2820 1172 2915 Arschotam,
1204 2824 1265 2898 ubi
1295 2824 1422 2918 paucis

225 2938 380 2995 moratus
406 2919 532 3005 horis,
557 2918 673 2993 donec
698 2918 823 2992 milites
848 2941 893 2991 ex
912 2919 1037 2993 itinere
1063 2918 1151 3007 laiss,
1167 2942 1362 3016 parumper
1384 2918 1421 2994 se

226 3012 451 3103 refecillent,
473 3016 729 3112 progrediens,
754 3017 869 3111 prima
893 3018 972 3089 luce
996 3018 1223 3111 peratliamv
1246 3018 1422 3113 quandam
1562 3038 1596 3095 r·

226 3118 320 3189 viam
336 3110 449 3209 spatio
480 3113 631 3189 duorum
663 3112 895 3193 milliarium,
925 3116 1065 3187 taudem
1103 3136 1264 3209 campum
1297 3114 1459 3205 attigit·¹

226 3214 404 3306 amplum,
428 3213 466 3285 in
486 3230 563 3305 quo
583 3209 719 3282 inuenti
732 3208 821 3281 stare
837 3229 950 3302 prope
967 3210 1096 3282 molam
1111 3212 1285 3304 quandam
1304 3210 1445 3291 exiis,.
1475 3209 1479 3217 “

103 3341 107 3378 ;
227 3330 308 3401 quae
320 3327 428 3383 vento
445 3309 751 3401 circumaguntur,
774 3304 889 3380 aditus
910 3305 1119 3398 explorandi
1135 3306 1259 3390 causi,
1284 3305 1447 3397 triginta.

228 3405 368 3477 circiter
393 3406 531 3499 equites
550 3399 739 3487 Germani,
763 3404 824 3496 qui
839 3402 946 3496 paulo
963 3400 1042 3494 post
1067 3397 1101 3473 se
1132 3403 1289 3496 recipere
1309 3400 1424 3473 consti

226 3496 317 3573 sunt.
341 3497 430 3573 Erat
448 3502 541 3573 illius
554 3503 672 3594 campi
694 3498 735 3573 ei
751 3498 787 3569 in
805 3518 927 3592 parte,
947 3496 1011 3567 nbi
1028 3496 1231 3590 Arsidaeum
1250 3518 1330 3569 eum
1348 3497 1426 3567 atti·

227 3615 356 3689 gerat,
381 3597 441 3669 hic
459 3594 540 3670 sutus
557 3598 650 3674 haud
671 3596 720 3668 ita
738 3598 842 3689 longe
861 3594 905 3666 ab
924 3593 1120 3666 introititu:
1146 3592 1329 3666 hincinde
1354 3594 1452 3665 duos

228 3709 328 3765 erant
345 3710 493 3783 aggeres
517 3696 635 3766 multis
662 3686 994 3765 arboribus.conliti
1021 3689 1148 3783 quibus
1169 3691 1262 3783 cingi
1281 3690 1450 3783 jugera„

227 3808 307 3880 quae
329 3786 548 3861 seminationi
572 3786 782 3878 inserviunt,
806 3808 871 3881 per
896 3808 1001 3859 omne
1027 3784 1101 3859 fere
1133 3784 1292 3879 Belgium
1320 3785 1453 3857 moris.

228 3882 305 3957 est:
339 3884 421 3955 inde
447 3905 535 3957 vero
554 3887 606 3957 ad
636 3885 761 3956 laevam
789 3882 984 3955 interillos
1011 3902 1159 3975 aggeres
1181 3876 1430 3976 porrigebatur
1556 3898 1585 3929 ··

225 3980 342 4075 platea
356 3975 436 4052 satis
448 3978 627 4077 angusta,
649 4000 752 4075 atque
770 3980 862 4052 hand
883 3980 971 4053 adeo
987 3979 1113 4072 longa,
1134 3980 1256 4071 inqua
1271 3978 1427 4073 complu·
1531 4038 1536 4049 .

225 4096 281 4151 res
308 4095 407 4151 erant
432 4078 640 4152 rusticorum
657 4072 766 4161 easae,
792 4076 904 4172 elque
927 4072 1223 4169 superati,.alter
1237 4074 1426 4169 apparebat

228 4192 371 4269 campus
399 4175 516 4269 prima
542 4176 678 4258 minor,
702 4171 898 4277 arcliorque
915 4172 1060 4260 „undet
1079 4168 1235 4267 conspici
1260 4188 1451 4268 poterat3.

1332 4266 1452 4351 rufia-

390 4381 409 4427 *
429 4378 560 4477 lappis:
579 4380 667 4458 est..
