3984 5167
424 508 717 605 uranu
773 488 1175 605 snx'ru's.
1330 539 1414 634 443

224 703 321 802 spem
345 726 386 781 ac
401 707 456 801 jus
476 702 689 779 succesionis
719 700 1048 791 corroboraturum,
1068 722 1108 775 ut
1123 704 1329 781 adveniente
1344 705 1415 786 Re·
1467 724 1569 814 1584.

224 803 279 897 gis
300 822 426 885 morte,
453 803 547 875 nulla
576 798 746 875 sufficiens
771 800 907 894 opponi
927 794 1040 891 posset
1067 798 1317 888 contradislio,
1340 829 1411 898 quo

222 900 359 984 minus,
376 899 533 988 quamvis
548 896 668 969 invitis
685 918 790 991 quatu
812 896 995 988 plurimis,
1012 896 1056 967 ad
1074 892 1236 989 Regnum
1254 892 1410 974 admitte·

150 1074 153 1081 ,
219 1012 322 1069 retur.
374 992 485 1086 Quod
508 1014 588 1066 eum
611 988 784 1081 iGmſsis,
804 990 944 1085 aliisque
970 989 1163 1064 Catholicis
1187 991 1308 1065 exesis
1326 1014 1411 1084 pon·

220 1090 417 1172 deraretur,
443 1087 664 1161 necessarium
682 1084 763 1180 ipsis
782 1083 892 1157 visum
909 1134 922 1168 ,
949 1084 985 1157 &
1003 1086 1160 1179 legitime
1177 1087 1306 1160 debere
1318 1088 1409 1182 judi·

134 1212 139 1223 ¹
219 1202 335 1255 catum
353 1181 440 1266 suit,
464 1204 535 1255 tarn
562 1184 716 1254 evidenti
737 1178 932 1273 Religionis
954 1184 1113 1272 periculo
1134 1205 1281 1278 quoquo
1303 1186 1410 1255 modo

218 1277 420 1373 tempestivi
436 1278 584 1350 occurri.
616 1278 722 1348 Unde
744 1278 932 1360 turnultus,
956 1276 1017 1367 qui
1043 1295 1122 1349 ante
1151 1280 1243 1351 hanc
1259 1279 1410 1353 oblatam

217 1372 462 1454 occasionem,
494 1373 591 1442 nullo
618 1374 687 1443 alio
712 1369 775 1441 niti
799 1368 988 1462 potuissent
1020 1367 1271 1462 fundamento,
1303 1374 1409 1467 quim

216 1468 329 1561 Regis
349 1467 585 1539 immoderatis
604 1462 788 1539 exceffibus
801 1512 813 1546 ,
838 1484 951 1558 eoque
974 1460 1069 1549 solo,
1095 1464 1234 1559 Justitiae
1262 1469 1340 1540 satis
1362 1472 1407 1543 ad

216 1564 419 1645 evitandum
436 1560 632 1633 rebellionis
648 1578 766 1632 notam
797 1556 927 1724 (guam
944 1556 1153 1634 abhorrebat
1170 1561 1324 1655 Guistns)
1347 1568 1407 1636 ba·

215 1658 325 1737 bituri
333 1680 403 1730 non
423 1650 573 1729 fuissent.
596 1654 680 1727 Hoc
693 1654 753 1726 ille
771 1677 814 1725 na
852 1676 890 1725 us
908 1650 1104 1747 Religionis
1121 1654 1407 1746 fundamentum,

217 1754 261 1823 ad
283 1751 381 1845 cujus
400 1749 694 1824 conservationem
712 1749 798 1821 nihil
816 1746 881 1820 elle
897 1747 1062 1825 credebat
1093 1752 1191 1845 quod
1206 1752 1320 1824 moliri
1335 1778 1407 1827 non
1449 1774 1454 1786 ·

215 1848 374 1928 liceret,
417 1848 569 1917 animum
601 1843 751 1939 ejusdem
777 1842 820 1915 ad
846 1844 1044 1937 arripienda
1070 1869 1165 1920 arma
1192 1870 1405 1942 componere

144 1984 153 2002 ·
213 1944 337 2034 coepit.
362 1941 507 2013 Accessrt
524 1939 674 2035 denique
703 1939 853 2026 adhoc,
878 1940 1084 2033 quo'dRex,
1110 1943 1171 2035 qui
1186 1945 1273 2017 nihil
1293 1950 1404 2040 magis

214 2037 406 2131 appetebat
436 2058 539 2132 quam
564 2038 652 2109 citra
683 2056 788 2108 omne
814 2032 1028 2107 obstaculum
1055 2038 1091 2107 in
1126 2034 1256 2111 deliciis
1281 2060 1402 2131 agere,

129 2208 131 2211 ,
213 2134 342 2205 videns
354 2130 425 2224 jam
443 2129 629 2205 necessario
649 2128 712 2203 fibi
728 2128 804 2202 sore
818 2131 994 2219 baeredenr
1008 2130 1202 2226 supremum
1217 2131 1403 2227 Hugonot·
1442 2137 1503 2194 Rae

213 2248 334 2301 torum
353 2226 512 2311 Ducem,
537 2228 598 2321 qui
624 2226 761 2299 eosdem
788 2226 823 2297 in
848 2226 970 2320 quavis
990 2226 1171 2327 occasione
1197 2230 1241 2300 ad
1259 2230 1401 2321 quidvis
1442 2214 1559 2272 Μ’

215 2322 423 2395 tentandum
446 2341 586 2415 paratos
604 2320 772 2407 habebat,
785 2342 940 2394 metuens
959 2346 1004 2393 ne
1021 2323 1159 2393 tandem
1178 2322 1294 2397 nasius
1315 2350 1403 2420 prae·
1440 2306 1587 2426 „ff‘ffi

212 2419 429 2511 rogativam,
454 2417 538 2489 novi
554 2416 686 2509 aliquid
709 2436 884 2487 armorum
908 2418 985 2500 via,
1010 2418 1105 2508 quod
1130 2420 1227 2509 regni
1252 2422 1402 2512 quietem
1440 2458 1498 2517 ceps
1518 2446 1570 2501 ne·

214 2514 403 2597 turbaret,
425 2515 624 2596 moliretur,
657 2511 708 2582 uti
733 2510 907 2582 multoties
930 2508 1084 2594 fecerat,
1109 2510 1290 2605 magnifica
1310 2516 1404 2608 lega-
1442 2537 1577 2592 narrans,

214 2610 316 2679 tione
331 2630 372 2677 ac
387 2626 519 2699 magnae
535 2605 914 2697 amicitiae,laetitiaeque
927 2604 1215 2679 demonstratione
1234 2607 1281 2678 ob
1299 2629 1403 2681 tantae
1442 2603 1522 2673 regni

216 2700 428 2774 sncceffionis
443 2702 499 2793 jus
516 2703 559 2774 ad
577 2721 657 2772 eum
682 2700 907 2781 devolutum,
932 2700 1070 2770 obviarn
1086 2700 1120 2770 ei
1133 2701 1183 2770 ire
1201 2722 1242 2775 ac
1256 2724 1403 2797 congra-
1434 2672 1590 2820 &Q

215 2797 324 2870 tulari
344 2798 557 2880 decreverit,
583 2815 621 2867 ut
644 2793 691 2867 iic
715 2790 741 2865 fi
764 2791 903 2866 forstan
923 2793 1103 2866 turbidum
1119 2795 1202 2887 quid
1227 2820 1268 2870 ac
1283 2798 1404 2873 hostile
1442 2770 1592 2888 „mih

215 2895 335 2965 animo
359 2893 519 2963 volutare
539 2889 712 2984 cupisset,
737 2892 948 2983 deponeret,
973 2889 1159 2983 secumque
1176 2914 1297 2967 mutuo
1322 2897 1405 2967 ami·
1441 2920 1510 2983 put,
1538 2910 1589 2964 atr·

166 2984 169 2991 '
214 2988 310 3060 ciriae
326 2985 485 3081 firmique
502 2978 643 3058 foederis
665 2987 807 3058 vinculo
833 2984 904 3080 (ut
928 2984 1107 3080 decebat)
1132 2992 1405 3064 connesleretur.
1435 2986 1508 3075 guil
1523 2984 1588 3041 Μ’

216 3082 416 3159 Destinatus
437 3084 480 3155 ad
496 3086 586 3156 hanc
606 3082 812 3177 legationem
828 3084 912 3153 Dus
930 3082 1135 3173 Esptrnonius
1158 3105 1247 3156 unus
1269 3106 1313 3156 ex
1327 3088 1407 3158 inti·
1444 3079 1569 3120 naamo-

220 3182 289 3251 mis
313 3180 380 3251 illis
400 3178 444 3252 ab
461 3177 559 3273 Rege
576 3179 733 3271 nuperin
748 3178 853 3248 altum
871 3175 1032 3260 evesius,
1057 3180 1118 3272 qni
1135 3182 1284 3254 maximo
1309 3182 1408 3253 nobi·
1443 3155 1569 3274 23:252*

219 3276 307 3345 lium
332 3276 496 3349 comitatu
529 3274 735 3367 sumptuque
760 3270 1025 3365 splendidillnno
1060 3272 1104 3343 ad
1129 3272 1318 3344 Navarrum
1344 3297 1406 3348 ve·
1445 3297 1534 3351 armi

218 3371 294 3451 nit,
319 3370 428 3465 Cujus
448 3370 630 3464 legationis
645 3371 705 3439 vix
736 3364 826 3440 fama
852 3368 900 3438 est
927 3366 1126 3458 divulgata,
1152 3364 1230 3437 crim
1253 3366 1364 3439 subito
1389 3368 1408 3442 i
1445 3370 1542 3462 uereri

217 3460 365 3553 Coſsis,
402 3467 534 3557 illisque
566 3466 626 3558 qui
655 3461 847 3557 Religionis
876 3463 1065 3554 periculo,
1111 3460 1240 3533 etiamst
1266 3460 1408 3537 forsitan
1446 3450 1566 3539 ’θὲαωῖ

216 3580 384 3646 remoto,
432 3558 611 3634 occursum
627 3561 824 3643 volebant,
856 3556 1051 3651 judicatum
1066 3555 1159 3643 fuit,
1186 3554 1319 3653 Regem
1334 3581 1408 3633 cer·
1445 3536 1593 3660 ξῗῑῗζζζ

217 3654 260 3728 τὸ
278 3652 484 3737 decrevisse,
523 3658 705 3727 Nauarrnm
740 3673 914 3747 tamquam
939 3652 1109 3727 haeredem
1136 3656 1275 3736 colere,
1307 3657 1408 3748 eique
1448 3643 1555 3736 nic„

216 3748 423 3843 tempestive
446 3752 537 3825 viam
553 3754 679 3846 quietae
695 3748 910 3823 successionis
926 3769 1136 3842 praeparare:
1157 3748 1253 3840 quod
1270 3750 1410 3821 demum
1448 3755 1539 3813 tiatira·
1625 3760 1629 3767 ·

214 3843 334 3918 Guisri
361 3850 512 3919 animum
528 3844 667 3941 prorsus
683 3850 725 3919 ad
750 3867 842 3917 arma
863 3843 1049 3931 sumenda,
1073 3844 1118 3918 ad
1137 3839 1329 3937 Religionis
1340 3844 1411 3917 Re·
1447 3834 1509 3927 ⁸¹³¹?
1533 3846 1593 3892 Μ’·

215 3944 348 4036 guique
372 3944 648 4016 incommodare
673 3943 825 4034 pericula
848 3940 1100 4034 praecavenda,
1125 3940 1295 4012 accendit.
1344 3939 1412 4011 Ita·
1447 3909 1600 4066 ms?
1727 4016 1733 4025 ,

212 4060 286 4132 que
311 4039 435 4131 exinde
468 4038 554 4111 nihil
581 4037 642 4111 nili
678 4039 722 4111 de
744 4034 1011 4129 viis'modisque
1034 4034 1246 4129 cogitatum,
1270 4058 1311 4109 ac
1339 4056 1412 4109 tan·
1449 4070 1539 4123 Μ
1694 4052 1699 4063 ·

213 4136 296 4207 clem
313 4136 477 4231 expedire
494 4135 631 4224 visum,
655 4138 760 4209 certis
785 4132 1044 4206 conditionibus
1059 4130 1171 4206 sendus
1183 4154 1260 4205 cum
1270 4133 1411 4225 Philippo
1451 4144 1523 4233 Rege

107 4239 170 4279 s
213 4228 326 4314 inite,
350 4233 385 4303 in
401 4254 482 4314 eum
498 4230 602 4305 finem
617 4282 630 4319 ,
655 4251 694 4304 ut
716 4232 889 4305 Nouanus
909 4232 978 4322 jam
1000 4250 1075 4303 tum
1098 4228 1345 4321 impediretur,
1369 4250 1413 4301 ne
1450 4216 1550 4311 sitsi*

210 4322 399 4419 aliquando
414 4332 630 4427 contingeret
648 4324 1023 4497 HaeretmlgrlnkRegno
1044 4322 1318 4423 Gallianates,
1342 4343 1415 4396 tan·
1451 4308 1568 4355 ''m'’

237 4474 254 4481 ..
906 4440 947 4518 ⁸2
1310 4438 1434 4510 taque·
