3984 5167
353 502 648 597 niune
706 500 1230 641 SEPTIMUS.
1350 532 1429 626 505

236 698 361 778 maturi
376 699 464 773 bene
480 696 636 782 munito,
662 698 802 788 Philippi
821 696 951 769 auxilia
967 698 1210 791 expectaturus
1236 699 1342 773 castra
1366 722 1430 797 po·
1484 724 1589 803 1590.

234 799 312 872 suit.
340 796 496 867 Henrr'cus
512 796 646 903 ipterea
666 806 791 881 contra
814 794 937 865 urbem
962 794 1015 863 nil
1039 789 1101 865 nist
1123 798 1248 887 procul
1273 815 1429 882 tentare,

235 890 426 983 domosque
449 891 634 963 tormentis
652 908 813 984 quatere,
841 910 913 980 quo
930 886 1067 961 civibus
1089 910 1257 962 terrorem
1276 892 1431 965 taedium·

235 1014 304 1086 que
315 986 502 1062 oblidionis
518 989 700 1060 incuteret.
721 984 882 1075 Philippus
899 1006 988 1057 vero
1004 985 1322 1079 cogniriDurnenaei
1330 985 1429 1062 clade

234 1088 279 1161 ad
297 1105 425 1179 pagum
440 1082 529 1177 Jury
545 1080 712 1176 accepti,
732 1080 827 1152 haud
844 1079 1009 1153 obsecure
1025 1081 1245 1175 praevidens,
1263 1083 1431 1154 unionem

234 1183 280 1257 ad
297 1182 440 1253 exitium
459 1200 623 1271 vergere,
649 1179 687 1248 ni
711 1174 802 1249 serio
828 1178 861 1247 ei
887 1175 1101 1264 subveniat,
1133 1179 1297 1272 Parmrnfi
1316 1175 1431 1252 statim
1471 1192 1618 1265 Ram

197 1316 200 1321 Α
235 1300 317 1353 cum
332 1277 470 1370 quantis
491 1270 605 1367 pollet
617 1271 751 1345 viribus
763 1272 933 1345 Dumenaeu
952 1268 1104 1345 sublidio
1115 1276 1169 1347 ire
1180 1274 1282 1371 indit,
1304 1272 1449 1347 Voluit·
1469 1270 1516 1327 ὼε
1539 1270 1617 1332 Ducl

236 1376 340 1449 etiam
360 1369 499 1462 Taffium
517 1370 554 1440 in
575 1367 735 1460 Belgium
760 1368 911 1456 reuerti,
945 1366 1087 1460 unique
1108 1393 1189 1445 cum
1208 1368 1371 1463 Parmrnſs
1394 1374 1431 1445 io
1470 1344 1599 1485 mm

238 1467 393 1543 Galliam
413 1461 606 1560 proficisci,
621 1464 740 1557 ibique
756 1464 893 1535 unionis
909 1464 1061 1557 negotiis
1094 1462 1166 1558 (ut
1190 1467 1295 1560 ante)
1324 1468 1429 1541 inter·
1471 1465 1610 1567 Fr'ancu.
1696 1532 1712 1557 s.

237 1564 313 1638 effe.
367 1560 447 1653 Qui
463 1558 585 1634 relicto
606 1560 753 1633 Mudrr'ru
778 1580 903 1655 quarta
926 1559 1049 1653 Maji,
1089 1563 1185 1657 regii
1205 1564 1359 1635 munitus
1381 1566 1432 1637 in·
1471 1582 1607 1659 {welto-

238 1659 443 1745 structione,
477 1680 520 1730 ex
543 1653 707 1749 Vinurrffo
741 1658 874 1730 triremi
899 1654 1021 1730 vectus
1036 1705 1050 1741 r
1082 1658 1220 1730 Genuam
1252 1682 1332 1732 cum
1357 1660 1434 1731 aliis
1471 1663 1566 1718 turen

239 1756 401 1829 faeliciter
424 1753 591 1848 appulit,
615 1753 764 1846 indeque
787 1752 1048 1827 Pannoniarum
1066 1756 1244 1849 regionem
1268 1752 1432 1829 tranfiens
1472 1739 1606 1853 “imi’'

237 1852 403 1948 iirperatis
412 1848 805 1945 Alpibusdppenninis,
814 1850 953 1921 tandem
966 1850 1081 1943 primi
1091 1850 1239 1946 Augusti
1251 1852 1434 1924 Bruxellum
1472 1816 1573 1969 &iffi

238 1951 357 2034 venir,
384 1970 465 2021 cum
480 1949 550 2041 jam
579 1946 751 2041 Purrnrnfir
768 1948 804 2019 in
825 1943 900 2039 ipso
910 1942 1041 2019 Gallici
1056 1946 1137 2019 belli
1147 1945 1432 2043 effetprocinliu.
1474 1971 1593 2032 nuens„
1694 2024 1698 2030 ,

243 2045 363 2137 Tafflus
384 2045 472 2117 verd
497 2066 577 2115 cum
604 2044 793 2136 imparatus
816 2044 859 2115 ad
884 2056 1019 2115 tantum
1042 2043 1178 2117 bellum
1202 2042 1432 2134 adventasset,
1466 2046 1569 2126 soluta.
1678 2114 1684 2129 ‚

131 2166 135 2181 ·
241 2163 314 2215 non
339 2162 419 2213 ante
442 2139 577 2211 secutus
601 2140 671 2223 est,
698 2162 801 2233 quam
827 2138 920 2213 noni
946 2138 1097 2233 ejusdem
1121 2139 1275 2213 mensu:
1309 2164 1433 2214 verum

241 2258 424 2333 antequam
444 2234 623 2328 Purrnenfis
643 2236 768 2309 Galliae
785 2234 870 2311 fines
889 2234 1068 2323 inridier,
1093 2260 1172 2309 eunt
1186 2239 1312 2331 attigit.
1339 2239 1437 2310 Con-

242 2331 327 2409 sedit
346 2333 517 2406 excrcitus
543 2330 603 2425 (in
627 2350 815 2425 quoerant
836 2332 941 2423 quina
957 2332 1115 2424 peditum
1133 2382 1144 2415 ‚
1169 2335 1327 2427 equitum
1345 2335 1439 2409 levis

244 2448 424 2503 armaturae
452 2447 550 2501 terna
574 2428 703 2512 millia,
729 2446 901 2498 tormenta
930 2428 1091 2518 quaedam
1118 2427 1244 2501 bellica
1267 2451 1347 2501 cum
1371 2427 1437 2501 suo

245 2522 569 2619 apparatu)prirno
586 2523 641 2595 die
660 2524 696 2595 iu
714 2522 845 2616 campis
862 2520 1029 2614 Guifionir.
1055 2520 1228 2614 Parmensis
1243 2524 1281 2595 in
1296 2526 1436 2617 oppido

243 2642 322 2693 curn
344 2619 411 2691 suis
428 2621 545 2691 aulicis
565 2616 716 2711 hospitio
733 2634 917 2712 acceptus:
945 2617 1026 2688 inde
1046 2618 1205 2689 Latinium
1234 2616 1435 2712 profeiius,
1463 2692 1467 2698 ,

247 2717 346 2789 &ibi
362 2710 596 2798 intromill'us,
621 2716 691 2787 unit
706 2735 840 2787 tantum
855 2711 956 2787 nocte
968 2732 1123 2787 moratus
1139 2713 1203 2801 est,
1216 2714 1437 2787 incredibile·

245 2834 313 2907 que
329 2812 442 2895 dictu,
470 2832 599 2975 fluenta
617 2810 746 2905 ubique
767 2808 904 2893 laetitii,
930 2806 1096 2903 gratique
1106 2811 1209 2881 animi
1227 2811 1436 2883 demonstra·

244 2914 340 2982 tione
369 2907 468 3001 Magi
500 2926 594 2980 ratus
621 2904 887 2993 obviamfaii13
912 2905 1146 2979 introeuntem
1172 2908 1332 2996 domum,
1357 2929 1439 3003 quae

245 3005 280 3077 ei
306 3002 474 3087 destinata
490 3022 582 3089 erar,
608 2999 736 3077 fuerint
747 3002 790 3073 ad
804 3021 922 3097 portas
932 3001 1106 3095 palmites,
1118 3003 1252 3097 aliaque
1268 3002 1434 3092 honoris,

245 3123 288 3174 ac
316 3099 573 3173 benevolentiae
599 3096 692 3193 signa
717 3096 860 3181 credin
895 3118 1066 3191 tantoque
1093 3096 1215 3173 favore
1242 3100 1436 3172 exercitum

246 3194 420 3295 prosecuti
442 3194 538 3282 sunt,
565 3216 602 3267 ut
628 3195 789 3267 omnibus
811 3194 976 3267 militibus
1002 3211 1178 3286 tamquam
1204 3193 1293 3267 verd
1316 3196 1443 3267 amicis

246 3312 406 3386 paterent
428 3314 541 3387 portae
566 3292 609 3365 ad
628 3292 799 3386 quicquid
825 3294 940 3365 animo
966 3290 1161 3363 collibitum
1187 3288 1269 3362 ellet
1290 3289 1327 3359 iu
1350 3289 1438 3365 urbe

249 3390 532 3481 comparandum.
558 3386 683 3462 Tertio
697 3386 951 3462 dieFrrtemelon
967 3382 1142 3468 consedit,
1163 3383 1225 3456 ubi
1238 3384 1438 3459 nuntiatum

248 3480 394 3553 Murcum
420 3483 600 3578 inopinate
626 3483 765 3567 obiilie,
790 3480 952 3573 famaque
975 3478 1108 3577 postea.
1121 3479 1294 3557 increbuit
1318 3483 1439 3555 toxico

246 3575 499 3671 consumptum.
526 3578 611 3651 lnde
635 3580 671 3651 in
691 3600 784 3674 pago
802 3576 972 3669 quodam,
995 3576 1057 3671 qui
1076 3574 1126 3649 est
1148 3578 1184 3649 in
1206 3576 1319 3650 medii
1341 3574 1439 3671 quoii
1684 3656 1687 3659 ,

247 3675 391 3751 Mercurii
410 3673 429 3711 *
445 3674 504 3746 vii
520 3676 692 3759 constitit,
718 3676 780 3748 ubi
796 3696 873 3747 eum
883 3674 1074 3746 Demenour
1092 3673 1202 3756 adiit,
1225 3674 1339 3769 deque
1349 3693 1439 3767 prae·
1475 3659 1620 3800 31¹5&ss

245 3768 335 3843 senti
350 3790 464 3840 rerum
481 3769 568 3841 stetu
587 3770 723 3843 rbunde
743 3770 926 3843 certiorem
949 3765 1052 3842 fecit:
1079 3770 1257 3861 alteroque
1283 3770 1339 3840 dic
1361 3770 1438 3841 Mr-
1511 3758 1593 3804 ⁸⁸⁰¹·
1723 3766 1727 3773 ’

247 3868 370 3939 aurium
388 3865 550 3951 intravit,
575 3863 740 3959 disposno
766 3866 803 3936 in
826 3866 926 3959 pagis
950 3866 1207 3938 circumvicinis
1233 3867 1440 3959 opportuni

249 3962 418 4036 exercitu.
443 3958 643 4034 Laborabat
661 3984 746 4034 tunc
764 3962 933 4055 temporis
955 3961 1087 4031 Lutetia
1114 3961 1269 4033 extremi
1290 3982 1440 4054 anuouae
1499 4022 1506 4036 .

247 4056 415 4154 penurid,
440 4059 528 4131 adeo
543 4078 583 4130 ut
605 4059 760 4152 populus
778 4056 822 4129 de
838 4054 940 4131 solito
956 4052 1097 4129 fervore
1121 4056 1270 4129 multum
1286 4060 1439 4133 remitte·

251 4174 322 4243 rer,
348 4154 462 4227 donec
479 4152 547 4247 jam
565 4150 690 4226 afforet
705 4153 883 4227 auxilium.
906 4149 1119 4226 Tradarunt
1134 4152 1292 4227 primarii
1307 4155 1439 4229 demit·

253 4250 364 4323 tendis
389 4246 531 4345 Legatis
555 4253 598 4323 ad
624 4250 827 4336 muricum,
854 4250 914 4343 qui
933 4250 975 4323 de
994 4269 1084 4342 pace
1104 4250 1218 4345 agant.
1265 4244 1378 4326 Erant
1400 4250 1440 4323 hi

250 4340 542 4517 ArcThiepiIslcoIpus
571 4344 834 4444 Lugdunenfis‚
847 4342 1119 4519 ,desEjpgiscopur
1141 4342 1355 4444 Parifieufis,
1380 4345 1443 4458 gui

330 4460 389 4520 um·
447 4495 457 4520 .
498 4463 599 4517 orsi.
1359 4459 1439 4513 cum
