3984 5167
593 514 674 631 556
729 508 764 617 J.
791 504 840 595 B.
868 525 943 593 ou
969 496 1223 594 TASSIS
1258 498 1653 597 COMMENT.

444 723 546 805 1595.
588 706 650 780 iste
675 699 736 775 sub
747 700 942 793 juramento
967 692 1144 769 fidelitatis
1159 716 1300 768 manere
1321 693 1569 783 Gubernator,
1595 700 1686 771 alter
1694 700 1776 775 libe·

590 819 667 875 rum
685 794 748 869 fibi
765 794 856 869 tradi
869 795 1008 879 locum,
1031 793 1077 865 ed
1095 790 1249 865 ascendit
1265 790 1400 864 fontani
1414 789 1544 867 secreta
1557 796 1724 880 cholera,
1739 818 1776 870 ut

590 892 805 969 mandaverit
819 888 1085 967 Gubernatori,
1108 910 1153 973 pe
1169 886 1323 960 armena
1338 890 1469 974 exiret,
1494 891 1533 963 δι
1555 912 1637 962 curn
1648 892 1720 986 jam
1736 897 1777 966 ad

588 992 780 1066 exercitum
794 984 1075 1083 proficisceretur
1085 1034 1100 1071 ,
1121 983 1238 1058 secum
1256 1006 1339 1057 eutn
1359 986 1482 1068 duxit,
1505 1006 1684 1082 captoque
1703 991 1778 1061 aa

491 1168 496 1183 ,
585 1087 721 1185 stellerae
736 1106 850 1179 prope
868 1083 954 1153 Hom
971 1077 1176 1174 seponens,
1200 1078 1372 1173 matrique
1388 1077 1659 1169 Gubernatoris,
1669 1106 1774 1178 penes

552 1182 555 1188 ’
642 1204 698 1257 am
712 1176 822 1251 stabat
839 1181 939 1253 locus
952 1229 963 1262 ‚
977 1178 1131 1249 nuntiari
1143 1174 1276 1249 iaciens
1286 1172 1496 1251 satisfaceret
1511 1178 1681 1273 prorniffis
1694 1178 1776 1265 filii,

608 1300 618 1350 r
636 1277 767 1351 salvum
785 1274 884 1347 illum
899 1272 1016 1359 veliet,
1026 1273 1144 1345 nolens
1158 1272 1238 1357 iila,
1248 1274 1319 1367 jam
1332 1294 1447 1366 partes
1459 1274 1590 1345 Henriti
1601 1279 1776 1369 amplexa,

592 1374 701 1446 filium
722 1371 836 1465 capite
853 1368 1005 1442 truncari
1026 1368 1132 1461 juffit,
1150 1386 1193 1440 ac
1209 1390 1290 1440 curu
1306 1370 1462 1440 exercitu
1476 1368 1775 1467 Dorlanmn,quod

594 1470 642 1541 est
661 1466 752 1541 aliud
772 1490 850 1537 cum
865 1466 1009 1537 civitate
1024 1467 1194 1535 munitum
1219 1460 1398 1535 castellum
1413 1461 1531 1536 versus
1546 1466 1669 1537 movit.

641 1560 775 1637 xxvi.
815 1562 969 1636 Henricus
985 1561 1122 1633 interim
1141 1560 1266 1631 videns
1285 1556 1320 1629 se
1342 1560 1378 1630 in
1402 1560 1592 1652 Burgundio
1609 1562 1660 1633 ita
1674 1584 1775 1635 occu·
1873 1615 1874 1632 r

486 1680 494 1697 ·
594 1679 745 1755 parurn,
781 1678 820 1729 ut
849 1656 1042 1729 nullatenus
1069 1656 1227 1728 Pictrdiae
1255 1653 1371 1748 poiiet
1391 1654 1623 1750 personanter,
1640 1656 1774 1745 adeiie,
1873 1657 1874 1720 i

594 1754 848 1849 quamprimum
873 1752 917 1822 de
941 1773 1056 1823 mente
1079 1754 1212 1823 Fontom'
1225 1747 1397 1831 fciviffet,
1422 1749 1507 1822 fecit
1528 1741 1698 1844 quantum
1714 1775 1774 1847 po·
1873 1819 1874 1832 ,

593 1848 661 1923 tuit
678 1850 722 1936 ad
739 1846 888 1941 ejusdem
905 1843 1159 1928 defensionem,
1179 1842 1347 1939 Ducique
1360 1847 1399 1918 dr
1412 1847 1553 1918 Ncmerr
1567 1848 1649 1918 viio
1669 1846 1773 1932 forti,

595 1942 801 2019 aescientiae
817 1942 973 2015 militaris
992 1944 1108 2036 perito
1124 1943 1320 2024 mandavit,
1344 1962 1385 2014 ut
1407 1964 1452 2013 ex
1481 1940 1626 2015 diveriis
1649 1966 1775 2038 propu-

621 2040 774 2120 naculis,
798 2060 878 2131 quae
900 2037 941 2109 ei
962 2040 998 2109 iu
1011 2060 1111 2132 parte
1127 2038 1238 2108 Galliae
1255 2029 1333 2109 sunt
1349 2040 1478 2115 molta.
1503 2060 1658 2111 necnon
1671 2043 1778 2112 aliun·

594 2064 659 2220 de,
686 2156 851 2227 quantum
867 2153 946 2204 tuto
964 2131 1098 2225 posset,
1114 2135 1251 2226 copiam
1270 2135 1415 2206 militurn
1425 2134 1620 2228 colligeret,
1640 2135 1775 2207 cdram·

594 2253 666 2325 que
683 2226 923 2322 compescendi
939 2228 1114 2299 Fontanum
1133 2230 1170 2299 in
1186 2227 1223 2300 se
1238 2227 1405 2311 sumeret,
1424 2228 1516 2323 juiirt
1532 2229 1622 2303 idem
1638 2229 1685 2303 de
1701 2232 1778 2303 coi·

592 2325 737 2421 ligendo
754 2325 865 2395 milite
880 2323 942 2396 suo
958 2325 993 2395 in
1011 2322 1164 2397 distritio
1182 2323 1339 2397 Domino
1347 2327 1400 2400 Dr
1408 2326 1552 2409 Villam,
1577 2350 1619 2399 ae
1632 2346 1672 2399 ut
1685 2323 1779 2400 Doci

595 2422 631 2494 se
647 2424 894 2515 oonJungeret,
919 2417 1070 2514 ejusdem
1094 2420 1264 2493 mandatis
1282 2419 1403 2501 staret,
1429 2440 1469 2491 ut
1492 2417 1539 2492 iic
1557 2424 1775 2518 promptius,

439 2538 443 2559 ·
596 2540 638 2590 ac
658 2518 779 2588 melius
796 2512 887 2589 hosti
909 2512 1130 2587 reiisteretur.
1162 2515 1335 2590 Praeterea
1358 2538 1440 2589 eum
1459 2520 1530 2610 jam
1553 2520 1779 2613 undequaque

597 2634 694 2685 certa
708 2610 838 2685 valeret
861 2608 973 2697 fama,
999 2611 1048 2683 ire
1066 2610 1242 2684 Fortunam
1265 2611 1307 2683 ad
1335 2610 1563 2687 obfideudum
1582 2616 1779 2699 Doriontrt,

597 2704 726 2791 fertur,
752 2707 847 2799 quod
880 2702 1017 2816 fuerint·
1031 2709 1110 2801 plus
1142 2708 1238 2780 mille
1261 2708 1442 2804 quingenti
1459 2705 1640 2819 Nobiles,
1664 2708 1701 2780 dt
1723 2710 1779 2821 aiii

536 2937 550 2955 .
597 2800 1166 2981 {irradies‚iiiiii
1188 2800 1268 2971 iis
1285 2802 1653 2984 biduini?
1670 2803 1780 2974 {³3³3

600 3016 679 3065 cum
693 2992 765 3087 jam
785 2989 998 3066 adventass'er
1018 3015 1099 3065 cum
1120 2996 1274 3068 exercitu
1300 2995 1461 3067 Fontanus
1485 2997 1662 3069 invenerit
1679 2996 1778 3092 pleod

525 3106 534 3127 ⁴
597 3087 766 3167 militibus
785 3090 952 3162 munitam
971 3090 1166 3177 civitatem,
1190 3092 1228 3165 dt
1254 3088 1453 3163 Castellum.
1478 3089 1683 3186 Disputavit
1703 3095 1780 3177 diu,

597 3186 809 3355 fingimu?
818 3185 1006 3354 dcispitatem
1024 3186 1221 3295 inpaderet,
1245 3206 1290 3259 an
1302 3184 1481 3354 caliielium
1495 3187 1585 3297 istud
1605 3188 1719 3355 parvi¹
1731 3188 1782 3261 di·

597 3301 851 3465 adnisui,
874 3300 1784 3476 ,inirriainjt,3{ass¹artta‚iffi

596 3471 684 3571 sosii
699 3470 781 3545 effer
796 3471 930 3558 cintia,
956 3496 1066 3570 eaque
1090 3475 1207 3569 aliqui
1221 3474 1312 3570 aqui
1325 3476 1458 3570 plena,
1481 3494 1608 3570 parom
1624 3477 1663 3547 in
1685 3495 1784 3548 muro

597 3568 749 3665 habebat
766 3566 989 3643 fortitudinis.
1015 3568 1168 3643 Dicebat
1184 3573 1362 3643 umente
1378 3570 1540 3667 (dequo
1558 3568 1710 3666 saepius)
1729 3572 1786 3644 de·

598 3662 675 3738 beri
695 3664 810 3760 primo
827 3665 994 3761 occupari
1023 3666 1221 3740 civitatem:
1248 3667 1324 3755 aiii,
1350 3668 1411 3762 qui
1434 3666 1648 3741 contrarium
1664 3665 1786 3742 sentie-

598 3758 704 3845 bant,
729 3760 942 3857 allegabant,
962 3762 1059 3857 quod
1074 3784 1154 3836 cum
1168 3760 1308 3836 castello
1330 3783 1438 3857 capto
1457 3758 1680 3837 neceffarium
1696 3762 1787 3837 soto·

596 3872 676 3971 runi
699 3874 774 3967 erat
791 3858 1064 3973 cipitatipauco
1077 3859 1251 3969 expetitus
1265 3859 1384 3933 labore
1404 3857 1474 3933 sese
1489 3860 1632 3946 dedere,
1641 3878 1787 3955 propter

552 4106 559 4123 .
597 3972 902 4134 {diffidi
923 3953 1791 4146 {Zdssfssi'idnqffi‘if'qiiistifflffl

595 4140 751 4216 tienten
775 4142 848 4219 Sed
871 4146 1013 4219 tandem
1037 4146 1177 4221 diremt
1203 4145 1473 4241 disputationem
1502 4146 1790 4226 montanarii,

596 4239 659 4325 qui
673 4236 761 4313 fixus
787 4240 825 4312 in
846 4237 906 4319 sua
930 4241 1122 4338 opinione,
1148 4243 1311 4337 quamvis
1328 4241 1455 4340 saepius
1479 4236 1712 4340 perlustraffet
1728 4261 1793 4337 per

593 4325 733 4411 nostem
751 4331 894 4431 roffam,
919 4360 961 4419 ac
977 4358 1127 4437 partem,
1140 4340 1187 4419 ad
1203 4360 1308 4439 quant
1317 4341 1465 4423 volebat
1481 4337 1664 4421 civimeut
1678 4338 1799 4511 Ἦ..
