3984 5167
367 509 1208 642 crnanQunnTus.
1325 522 1409 635 269

214 690 356 787 professi
370 690 457 763 sunt
507 683 697 777 Austriarus
728 684 830 755 etiam
859 682 1020 756 omnibus
1057 686 1195 766 aulicis,
1219 688 1289 780 .qui
1313 685 1405 781 apud
1444 732 1539 806 ,557

214 787 326 882 ipsum
351 808 473 874 erant,
495 778 749 876 praecipuisque
787 802 867 851 ante
901 800 1044 861 omnes,
1080 782 1404 855 continuocaul'am
1454 794 1459 805 “
1492 754 1507 805 ²
1538 768 1549 787 ’

132 942 136 949 .
214 906 355 966 eorum,
378 900 456 973 quae
482 874 618 1041 epillet,
645 872 685 947 dt
703 872 830 959 finem,
863 876 906 947 ad
932 897 1035 969 quem
1068 875 1252 958 tendebat,
1287 881 1379 950 nude'
1393 927 1404 963 ,

215 980 251 1051 dr
269 980 390 1072 aperte
410 994 502 1067 expo
518 974 587 1043 uit:
613 968 772 1063 Rogare,
798 970 835 1043 dc
851 969 1033 1043 obsecrare
1044 992 1163 1040 omncs
1183 970 1252 1040 und
1270 968 1405 1056 secum,

111 1131 123 1151 .
213 1076 251 1155 in
276 1072 411 1144 Auraici
425 1121 436 1156 ,
471 1070 685 1160 aliorumque
700 1064 942 1158 perfidorum,
974 1063 1026 1135 sui
1051 1060 1267 1156 sequacium,
1293 1066 1406 1158 impia:

213 1169 356 1252 mentis,
381 1182 423 1237 ac
446 1162 731 1235 marchinationis
749 1158 958 1233 eversionem
984 1158 1108 1233 seduld
1126 1162 1405 1245 incumberent,

213 1265 368 1355 nihilque
379 1257 412 1333 se
425 1281 445 1327 a
459 1278 637 1349 quoquam
651 1276 794 1350 petere,
821 1278 887 1326 nec
897 1258 1089 1347 petiturum
1106 1279 1257 1349 unquam
1270 1274 1407 1351 (quam

211 1360 385 1449 integram
410 1351 635 1443 exaslamque
660 1352 853 1425 Catholicae
870 1352 1057 1443 religionis
1082 1352 1405 1436 conservationem,
1458 1409 1470 1445 0
1493 1392 1552 1449 An-

209 1451 373 1545 Regique
389 1446 538 1518 debitam
550 1446 784 1523 obedientiam
795 1466 807 1530 3
820 1443 935 1536 seque
947 1468 1019 1516 non
1039 1445 1216 1517 minusex
1230 1448 1289 1519 illd
1303 1471 1402 1534 arce,
1452 1436 1541 1524 sinsus

211 1543 363 1641 quamsi
385 1541 559 1614 Bruxellae
576 1538 923 1623 manfiffet‚·1nuneri
938 1538 1019 1627 suo,
1046 1562 1167 1633 aeque,
1193 1542 1347 1614 acresie‘
1359 1545 1402 1615 ad
1426 1549 1541 1605 declarat
1596 1598 1599 1605 r

210 1637 365 1736 promissi
406 1634 645 1731 praescriptum
686 1632 949 1709 satissadlurum.
1001 1635 1037 1707 Si
1069 1656 1182 1709 tamen
1213 1639 1304 1708 i'nter
1332 1652 1403 1709 ,eos
1425 1624 1528 1695 caulem
1604 1712 1610 1717 ,

238 1734 390 1828 uisquam
417 1726 516 1818 esset,
542 1732 599 1803 cni
622 1731 692 1802 hoc
716 1752 789 1801 non
803 1734 976 1824 placeret,
1000 1732 1097 1803 nolle
1115 1729 1149 1803 se
1170 1733 1206 1803 in
1219 1734 1401 1818 illdocca·
1425 1715 1558 1853 JJJW

211 1759 306 1905 done
329 1827 500 1899 neminem
523 1827 542 1863 ¹¹
560 1824 735 1911 invitum,
760 1849 802 1897 ac
823 1848 946 1901 contra
960 1828 1101 1922 genium
1127 1829 1171 1899 ad
1189 1824 1221 1899 se
1244 1820 1405 1915 trahere,
1428 1796 1575 1913 ruffi*

209 1925 401 1999 discederet
408 1923 619 2016 quicumque
635 1921 874 2016 vellet,idque
887 1945 1102 1995 remanentes
1127 1942 1227 2019 certo
1243 1922 1305 1997 sibi
1322 1947 1402 2017 pro·
1426 1934 1506 2001 cenas
1517 1975 1523 2001 ,
1534 1929 1574 2003 ξς

209 2024 407 2104 mitterent,
432 2017 475 2087 de
492 2016 554 2089 suo
574 2040 664 2111 ¹erga
688 2040 752 2090 eos
792 2040 929 2104 amore,
952 2043 994 2091 au
1026 2019 1289 2106 benevolentis,
1315 2021 1402 2090 nihil
1426 2010 1539 2103 areunae
1609 2009 1611 2021 '

208 2128 362 2210 unquam
386 2112 597 2186 defuturum.
647 2111 807 2186 mansere
839 2126 977 2201 omner',
1008 2114 1061 2185 illi
1083 2116 1285 2207 praecipui,
1312 2139 1403 2209 quos
1424 2090 1561 2223 ’τ’ξξξζὲξξ

209 2232 298 2285 tunc
330 2210 497 2302 temporis
538 2205 757 2281 Namurcum
780 2208 907 2282 venisse
935 2209 1038 2302 supra
1068 2210 1236 2292 diximus,
1265 2214 1401 2303 Duxque
1427 2246 1480 2303 ,·,·,‚
1504 2247 1552 2315 Μ

209 2304 446 2399 Arsrlotonus,
472 2305 508 2377 δι
525 2304 688 2375 Marchio
711 2302 836 2388 frater,
862 2300 1069 2399 assiriorum,
1091 2328 1266 2398 nunquam
1292 2306 1403 2378 deser·
1427 2321 1539 2381 venna.

211 2426 311 2479 turos
334 2398 556 2494 jurejurando
577 2401 691 2471 denuo
710 2398 927 2472 affirmarunt.
976 2398 1100 2492 ltaque
1122 2424 1201 2473 cum
1225 2402 1292 2472 illis
1317 2391 1405 2473 aliis·
1533 2392 1538 2413 ‘
1654 2398 1660 2405 ’

211 2522 281 2593 que
303 2496 421 2567 Status
441 2490 651 2573 Con'stliatiis
678 2494 878 2585 coeterisque
896 2496 1008 2578 siris,
1033 2496 1214 2586 gravibus,
1239 2498 1286 2569 ,δι
1314 2498 1405 2567 utili-

104 2651 106 2658 .
210 2596 299 2675 bus,
324 2588 570 2685 praesentihus,
595 2588 727 2661 affidnis
746 2588 1054 2661 consultationibus
1078 2614 1202 2664 vacare
1238 2594 1404 2683 perrexit.

212 2689 364 2779 Hicrgius
383 2685 477 2757 nulli
501 2680 704 2777 interposui
725 2686 821 2779 morl
850 2683 1144 2770 Carolimontem,
1176 2684 1213 2756 &
1238 2687 1404 2763 Mariem·

210 2785 365 2875 burgum
391 2776 584 2853 commodis
620 2781 766 2851 militum
795 2780 1055 2851 conditionibus
1077 2783 1204 2865 caute,
1230 2780 1404 2853 soeliciter·

212 2902 280 2972 que
298 2878 342 2949 ad
359 2898 474 2969 partes
489 2875 601 2968 regias
618 2875 733 2947 traxit.
775 2875 970 2969 Austriacus
987 2898 1071 2947 vero
1091 2873 1112 2945 ὲ
1131 2876 1277 2971 relligio
1297 2875 1404 2949 Ordi-

213 2975 316 3046 nibus
332 2969 534 3064 coeterisque
558 2970 718 3042 omnihus
746 2991 810 3061 per
835 2991 949 3042 totum
983 2968 1159 3065 Belgium,
1187 2972 1312 3066 quibus
1338 2996 1403 3068 par

211 3090 282 3143 erat
300 3066 512 3162 fignificnre,
538 3086 614 3157 quar
632 3064 785 3149 fecisset,
811 3088 999 3159 earumque
1013 3088 1125 3139 rerum
1150 3070 1264 3141 causas
1282 3072 1402 3141 huma·

210 3170 256 3241 ue'
271 3188 290 3248 ,·
305 3188 345 3237 ac
361 3164 471 3237 amice'
486 3162 673 3236 admodum
690 3159 841 3257 scripfit,
864 3163 966 3233 enixe
987 3184 1133 3256 petens,
1159 3185 1197 3235 ut
1212 3162 1404 3237 beneficio-
1426 3132 1576 3267 &mss

211 3285 286 3333 rum
304 3264 492 3343 memores,
518 3281 597 3353 quae
615 3260 764 3353 plurima
800 3260 837 3330 in
865 3280 926 3330 eos
951 3252 1164 3339 contulerat,
1191 3280 1308 3351 gratos
1325 3258 1402 3333 sese
1425 3299 1536 3340 mentem

211 3357 437 3439 exhiberent,
462 3357 568 3446 idque
599 3354 742 3427 omnino
775 3351 838 3426 fibi
866 3350 1064 3446 persuasum
1093 3353 1282 3434 haberent.
1308 3357 1403 3426 nolle
1418 3357 1579 3442 stt-iuris„

212 3449 282 3523 sese
307 3447 426 3539 Belgio
471 3448 619 3537 messe,
653 3447 715 3521 nisi
743 3450 785 3521 iis
811 3449 1095 3531 conditionibus,
1128 3468 1204 3539 quoe
1230 3446 1530 3525 Marchiael‘uu‘

209 3542 316 3618 essent
339 3542 446 3613 transa
482 3566 539 3627 ae,
564 3568 630 3617 nec
657 3544 751 3618 aliud
776 3540 966 3636 expetisse,
991 3565 1057 3617 nec
1091 3564 1269 3637 expetere,
1287 3568 1399 3639 ·quam
1426 3529 1523 3650 ffissmh

210 3640 345 3713 Auroici
374 3638 501 3730 impios
524 3660 689 3725 conatus,
719 3639 770 3711 sui
802 3637 1006 3725 securitate,
1041 3640 1219 3719 evitando,
1245 3640 1400 3733 Rempu·
1417 3614 1574 3744 sum,

104 3783 105 3788 ,
208 3738 358 3817 blicam,
371 3733 497 3822 auxilio
508 3733 698 3819 bonorum,
710 3738 747 3805 in
761 3734 938 3829 pristinam
946 3731 1458 3817 libertatem,soelicitatem-.m
1477 3751 1557 3807 niet·

209 3856 279 3928 que
303 3830 493 3912 vindicare.
1422 3824 1516 3883 lernen

198 4006 214 4021 k
259 3926 305 3999 X.
330 3923 579 3997 Coeterumvix
600 3921 794 3997 Ordinibus
813 3930 995 4015 nunciata,
1019 3926 1275 4023 quaeNamurei
1286 3930 1403 4022 gella,
1421 3904 1535 3997 *Μ

206 4044 291 4099 cum
308 4020 422 4093 subito
445 4017 571 4111 reperta
590 4022 685 4093 omni
699 4018 991 4107 consideratione,
1016 4028 1059 4099 ad
1073 4030 1141 4120 jam
1161 4026 1295 4117 pridem
1309 4026 1405 4101 ‘nixa
1423 3984 1545 4119 m„

209 4119 298 4193 dum
319 4115 537 4211 refrigeratas
556 4114 664 4203 furias
695 4114 822 4191 reversi
845 4115 948 4211 sunt,
978 4144 1022 4195 ac
1042 4121 1246 4219 potestatem
1268 4123 1399 4219 regiam
1417 4136 1503 4216 supra

1363 4218 1574 4295 menstra&
1689 4248 1691 4253 ·
1747 4186 1751 4195 ι

371 4323 390 4373 *
409 4319 507 4407 Lege:
526 4336 742 4413 quemquam.

821 4411 879 4487 LI
901 4432 925 4503 3
