3984 5167
1304 408 1322 453 Ι

531 550 618 661 264
673 542 708 651 J.
737 538 786 629 n.
815 564 890 629 ne
916 535 1168 631 rass1s
1199 490 1597 635 conruunt.
1696 636 1709 644 ,

373 766 478 841 1577.
527 763 639 815 novas
675 730 933 830 ampleelandas
963 728 1144 826 dispofiti:
1179 734 1233 805 his
1264 730 1374 807 fretus
1405 729 1520 809 secum
1555 737 1735 818 constituit

460 870 467 892 ¹
527 858 699 933 pergere,
722 832 972 927 fortunamque
1002 830 1119 923 quoad
1147 827 1261 922 posset
1286 832 1446 924 experiri.
1498 830 1733 915 Confirmavit

525 928 679 1007 studiose
697 927 766 1001 suae
790 926 912 1001 farinae
938 948 1080 1009 omnes3
1105 927 1283 999 audaciam
1300 924 1457 1014 solitam,
1490 950 1532 1001 ac
1558 938 1731 1010 temerita-

525 1052 596 1105 tem
618 1026 797 1123 praecipue
846 1024 966 1117 opuli,
991 1044 1159 1117 quantum
1173 1025 1312 1117 potuit,
1338 1025 1454 1107 auxit3
1479 1047 1656 1123 unumque
1670 1057 1728 1107 ne.

524 1123 701 1201 cessarium
717 1126 788 1194 hoc
831 1122 867 1193 bi
886 1117 1092 1215 proposuit,
1116 1140 1155 1193 ut
1184 1118 1393 1215 Austriacus,
1417 1119 1596 1215 superiore
1612 1149 1727 1201 exem·

522 1226 585 1318 plo
599 1219 751 1295 audaciae
773 1220 810 1291 in
832 1218 985 1288 tribunal
1009 1214 1129 1288 Status
1164 1214 1369 1300 commilsae,
1393 1216 1607 1291 tumultuose
1624 1222 1644 1293 l
1662 1246 1727 1319 po.

523 1311 1005 1413 palocomptehenderetu13
1031 1328 1091 1384 aut
1111 1310 1231 1383 saltem
1254 1311 1420 1407 idipsum
1454 1334 1525 1385 tarn
1550 1320 1724 1397 certofibi

523 1416 690 1499 haberet,
714 1406 931 1507 persuasum,
970 1426 1012 1480 ut
1046 1430 1126 1480 eum
1146 1410 1255 1479 vellet
1282 1412 1414 1481 evitare
1438 1408 1563 1485 casum.
1616 1416 1724 1511 Quod

521 1510 705 1584 verisimile
720 1526 797 1581 erat
813 1528 892 1578 cum
906 1524 1195 1602 procuraturum,
1221 1504 1353 1600 aliquid
1373 1508 1479 1594 novi,
1504 1510 1548 1580 ad
1565 1506 1616 1583 sui
1632 1515 1727 1588 secu-

522 1608 661 1683 ritatem
676 1621 862 1699 cogeretur
880 1603 1016 1688 moliri,
1041 1604 1136 1696 quod
1154 1599 1269 1673 denuo
1292 1604 1446 1675 omnium
1464 1605 1570 1676 animi
1591 1608 1640 1680 ad
1663 1634 1726 1685 no·

522 1729 586 1779 vas
610 1705 717 1778 furias
733 1700 881 1773 excitari
897 1697 1054 1794 possent,
1079 1718 1185 1793 atque
1202 1694 1352 1791 Prorege
1372 1697 1560 1786 derelidio,
1586 1707 1644 1777 via
1658 1706 1723 1802 ipss

523 1822 565 1875 ut
590 1820 713 1886 antea,
738 1796 915 1890 magisque
940 1796 1045 1870 etiam
1069 1794 1114 1866 ad
1136 1796 1383 1890 occupandum
1398 1796 1581 1888 imperium
1597 1803 1721 1893 plana,

525 1899 570 1969 de
594 1899 731 1991 integro
747 1894 1021 1977 conllrueretur3
1047 1892 1135 1963 nihil
1167 1893 1258 1964 enirn
1282 1892 1416 1977 minus,
1440 1914 1543 1986 quam
1557 1899 1624 1969 tale
1641 1897 1722 1972 faci-
1888 1946 1889 1991 Ξ

525 2016 594 2065 nus
608 2016 663 2066 res
690 2012 785 2064 tanta
838 1987 999 2076 oscebat,
1026 2011 1105 2060 curn
1130 2011 1202 2061 non
1228 1989 1421 2071 dubitaret,
1453 1988 1536 2081 quin
1561 2013 1721 2067 manente
1757 2038 1773 2056 .
1888 2044 1889 2059 ,

524 2090 563 2160 in
579 2090 728 2183 imperio
744 2013 930 2183 ruffiaco,
955 2086 1114 2179 quamvis
1131 2108 1203 2159 non
1225 2084 1382 2159 absolute‘
1394 2136 1406 2173 ,
1430 2088 1548 2157 omnia
1574 2084 1636 2161 fibi
1659 2095 1719 2165 du·

525 2187 633 2268 riora,
660 2208 702 2257 ac
715 2186 865 2257 lentiore
877 2182 1117 2257 redderentur.

341 2301 448 2361 arrest-
574 2280 640 2354 IV.
673 2280 771 2355 Hine
807 2300 884 2351 otta
920 2278 1093 2352 Bmxellae
1129 2280 1314 2373 denegatio
1353 2279 1519 2354 custodiae
1557 2286 1716 2377 corporis

340 2382 435 2473 renam
526 2377 687 2473 Aufirlatr‘
704 2400 768 2473 per
795 2378 927 2470 aliquot
952 2375 1202 2470 sclopetarios,
1228 2378 1309 2449 hinc
1337 2379 1413 2450 aliae
1438 2380 1553 2473 plures
1575 2380 1611 2449 in
1639 2404 1716 2454 eum

338 2453 477 2551 fm'ff‘
526 2495 734 2570 perpetratae
758 2473 1005 2566 indignitates,
1031 2474 1112 2545 hinc
1132 2474 1236 2545 etiam
1254 2472 1358 2559 illud,
1384 2476 1481 2565 quod
1501 2472 1581 2547 etim
1596 2476 1720 2551 invita-

339 2535 469 2683 mg
527 2590 583 2643 tus
598 2574 642 2645 ad
661 2571 868 2667 prandium,
893 2572 929 2642 in
950 2569 1094 2663 publici
1118 2570 1269 2642 civitatis
1292 2569 1418 2653 domo,
1442 2570 1493 2645 ibi
1518 2572 1717 2645 commessa-

338 2708 448 2750 cemes
527 2669 640 2755 tione,
686 2668 867 2762 tripudiis,
899 2665 1041 2761 aliisque
1074 2664 1284 2749 hilaritatis,
1317 2689 1359 2738 ac
1394 2667 1511 2739 laetitae
1546 2669 1719 2744 consuetis

335 2764 478 2863 studit&
528 2766 735 2848 exercitiis,
771 2763 908 2836 facilem
941 2763 1312 2855 accommodatumque
1343 2760 1529 2857 belgarum
1564 2768 1719 2842 moribus

339 2852 445 2939 ”m
528 2858 595 2932 sese
614 2862 726 2954 palam
750 2857 964 2945 ostenderet,
989 2861 1141 2953 populus
1165 2862 1201 2931 in
1226 2856 1306 2932 foro
1330 2860 1376 2933 ob
1400 2861 1527 2933 nullius
1552 2868 1718 2936 momenti

332 2924 490 3062 {mm
528 2956 682 3041 causam,
708 2975 804 3027 tanto
818 2957 987 3038 tumultu,
1012 2979 1053 3029 ac
1068 2954 1188 3029 furore
1210 2976 1303 3027 arma
1316 2954 1542 3051 corripuerit,
1569 2978 1609 3029 ut
1622 2981 1718 3053 aper·

396 3088 400 3093 ·
460 3044 468 3061 ⁸
527 3070 598 3124 tam
622 3052 821 3123 seditionem
837 3074 912 3146 prae
936 3050 969 3123 se
985 3050 1074 3124 ferre
1100 3053 1278 3125 videretur
1288 3077 1299 3133 ;
1324 3052 1420 3147 quod
1455 3052 1584 3125 etiamfi
1605 3054 1715 3129 statim

524 3171 590 3243 per
610 3150 743 3244 aliquot
771 3149 948 3242 principes
975 3150 1094 3233 viros,
1125 3150 1167 3219 ab
1194 3147 1362 3241 Auslrt'aco
1384 3172 1427 3221 eo
1451 3146 1585 3235 missos,
1613 3150 1717 3225 fuerit

524 3245 697 3329 sedatum,
722 3247 858 3317 nonita
881 3243 1046 3316 tamense
1063 3266 1117 3316 tes
1132 3244 1273 3329 habuit,
1297 3244 1382 3337 quin
1398 3248 1433 3316 in
1457 3248 1569 3319 reditu
1586 3248 1630 3319 ad
1645 3248 1716 3320 Au·

524 3346 593 3416 lam
605 3392 617 3428 ,
642 3342 762 3439 pejora
777 3341 903 3415 rueritd
926 3364 998 3414 non
1013 3337 1121 3414 essent
1144 3340 1340 3413 metuenda.
1390 3341 1440 3413 Et
1461 3344 1620 3433 quamvis
1643 3344 1717 3418 haec

526 3462 598 3512 non
622 3438 810 3512 manassent
834 3437 880 3511 ab
904 3438 945 3511 ei
970 3435 1170 3523 occasione,
1204 3459 1308 3531 quam
1337 3438 1497 3512 malevoli
1526 3441 1715 3533 Antinoique

526 3534 679 3609 fautores
698 3535 902 3630 captabant,
929 3533 1140 3606 credendum
1158 3556 1276 3607 tamen
1301 3534 1369 3618 est,
1394 3558 1435 3609 ac
1458 3556 1526 3630 pro
1548 3558 1646 3609 certo
1668 3558 1717 3609 te-

526 3634 701 3715 nendum,
726 3634 910 3703 tumultum
927 3632 1025 3702 illum
1045 3649 1117 3702 arte
1141 3626 1238 3703 fuisse
1258 3629 1466 3719 excitatum,
1500 3652 1541 3703 ut
1564 3636 1715 3729 populus

528 3730 572 3803 ad
597 3727 781 3803 seditiones
798 3728 945 3813 rediret,
970 3725 1078 3821 iisque
1109 3727 1222 3800 denuo
1247 3724 1467 3815 assuesceret,
1494 3726 1608 3802 donec
1638 3726 1716 3802 esset

527 3847 665 3920 tempus
691 3826 800 3922 magis
830 3846 1091 3919 opportunum,
1124 3844 1218 3916 quo,
1244 3821 1269 3897 fi
1294 3822 1425 3899 necess'e
1447 3820 1530 3896 esset
1562 3826 1716 3917 Auraict,

529 3922 690 3996 foeliciter
716 3922 856 3996 facinus
889 3921 1085 4015 perpetrari
1099 3918 1229 4014 posset,
1252 3940 1292 3992 ut
1307 3918 1475 4014 perfacile
1491 3918 1606 3995 fuisset
1620 3921 1719 3995 brevi

422 4094 428 4106 ,
531 4021 707 4106 accidere,
733 4022 768 4092 ni
790 4017 976 4111 Austriotus
997 4020 1101 4113 plene
1127 4016 1311 4092 demente
1336 4016 1550 4110 consiliisque
1566 4021 1715 4109 Anteius,

348 4090 468 4189 ΜΨ·
530 4139 671 4201 eorum,
705 4120 766 4209 qui
788 4138 843 4188 tes
869 4114 985 4185 denuo
1021 4112 1156 4187 eversas
1190 4113 1399 4207 cupiebant,
1434 4116 1563 4187 certior
1588 4112 1716 4204 faetus,

347 4184 413 4307 ’ᾆσμ’
425 4188 478 4306 ἐξ,
530 4213 657 4310 quibus
674 4216 789 4305 potuit
805 4211 980 4292 remediis,
1006 4211 1200 4281 imminenti
1214 4211 1305 4283 malo
1322 4214 1460 4285 tandem
1480 4208 1693 4306 providisset.

347 4330 395 4397 ct,
415 4324 483 4401 ejus·
580 4308 626 4383 V.
660 4308 861 4403 Augebatur
879 4305 1033 4401 superte
1052 4328 1121 4380 tarn
1140 4306 1248 4379 ardui
1275 4307 1400 4379 mirum
1428 4310 1463 4380 in
1483 4311 1634 4382 modum.
1683 4307 1719 4381 Si

347 4402 475 4541 {gotest-
530 4406 609 4506 capi
632 4404 665 4485 se
691 4401 856 4488 sinerent,
882 4422 1017 4479 certum
1044 4422 1118 4489 erat
1142 4404 1255 4481 allum
1270 4399 1343 4487 ,esse
1370 4402 1413 4479 de
1441 4401 1669 4500 Republica,
1692 4404 1717 4475 fi

418 4524 427 4541 ·
1001 4554 1006 4560 -
1634 4524 1721 4573 vero
