3984 5167
382 489 1294 637 ‚nraannttnnrusg
1384 491 1470 616 225·

260 727 286 765 n
309 683 501 760 nostrarum
532 681 800 760 provinciarum
834 684 995 779 injungi,
1028 703 1070 758 ut
1104 683 1231 760 didam
1254 687 1465 780 pacificatio·
1505 695 1607 782 1576.

260 825 285 859 υ
310 805 390 854 nem
416 781 554 874 ubique
593 782 810 875 promulgari
838 802 972 854 curent.
1024 783 1134 876 Cujus
1166 783 1305 876 quidem
1340 783 1463 858 trasla-

258 919 283 954 η
309 899 364 952 tus
390 875 627 970 distarumque
655 874 863 952 facultatum
887 871 1094 964 transsatio,
1127 875 1187 952 seu
1212 878 1461 974 interpretatio

259 1011 285 1048 st
309 975 368 1044 hic
394 972 585 1066 sulq'icitur.

309 1110 331 1144 n
358 1066 505 1142 xxxii.
531 1067 710 1143 Univetsrs
729 1067 917 1164 praesentes
932 1067 1066 1142 litteras
1085 1065 1290 1163 inspeeturis
1306 1066 1458 1143 salutern.

261 1203 285 1239 n
313 1165 405 1236 Cum
430 1164 613 1257 postremis
637 1164 691 1238 his
717 1185 867 1248 novem,
901 1185 963 1236 aut
986 1166 1106 1237 decent
1135 1164 1256 1250 annis,
1280 1163 1459 1256 Regiones

259 1300 284 1334 n
309 1262 364 1331 hae
381 1283 446 1354 per
462 1262 552 1332 bella
568 1259 750 1346 intestina,
772 1254 1053 1354 superbumque,
1078 1281 1119 1330 ac
1142 1260 1269 1332 dutum
1291 1258 1462 1335 Domina·

260 1393 285 1428 n
311 1376 404 1439 tunt,
428 1357 590 1447 injurias,
616 1354 735 1434 furta,
761 1355 1055 1447 depredationes,
1079 1374 1186 1448 atque
1215 1357 1282 1430 alia
1311 1353 1462 1433 insolen·
1528 1395 1532 1403 ,

255 1477 284 1524 s,
308 1452 367 1520 tiae
385 1471 511 1544 genera
540 1449 801 1544 Hispanorum,
833 1447 940 1542 iisque
968 1450 1217 1524 adherentium
1242 1453 1278 1522 in
1301 1452 1460 1546 ingentes

260 1585 285 1619 υ
310 1543 483 1630 miserias,
508 1568 549 1618 ac
568 1545 779 1618 calamitates
799 1545 1006 1627 inciderint,
1029 1567 1135 1638 atque
1159 1567 1199 1622 ut
1226 1546 1270 1617 iis
1297 1551 1459 1640 provide·

260 1680 287 1715 n
311 1662 430 1732 retur,
455 1639 598 1735 finisque
613 1639 774 1714 omnibus
793 1641 829 1712 in
852 1637 1030 1733 posterum
1059 1639 1228 1714 disiarum
1256 1640 1459 1716 Provincia·

257 1777 285 1810 η
309 1757 388 1806 runt
407 1736 630 1824 tumultibus,
644 1767 648 1776 ·
661 1735 953 1830 opprellionibus,
979 1759 1022 1808 ac
1046 1733 1206 1823 miseriis,
1238 1736 1339 1810 firmo
1365 1740 1456 1828 alio,

232 1829 237 1839 “
259 1871 284 1905 2,
310 1853 352 1902 ac
368 1834 487 1906 valido
497 1835 593 1927 pacis
611 1833 755 1906 vinculo
768 1832 1027 1926 imponeretur,
1041 1829 1165 1908 ‘mense
1175 1831 1365 1908 Februario
1382 1834 1458 1907 An·

257 1967 282 2002 n
307 1928 343 1998 ni
361 1927 546 2012 millesimi,
572 1930 657 2024 quin
681 1925 853 2015 entefimi,
876 1925 1116 2022 septuagesimi
1132 1919 1270 2024 quarti,
1294 1930 1456 2024 deputati

203 2051 234 2076 v
259 2064 282 2098 n
309 2020 410 2096 asoa
423 2024 628 2119 Majestate,
715 2023 879 2118 Principe
902 2025 1060 2105 Aaroito,
1085 2021 1348 2121 ordinibusque
1364 2025 1455 2100 Hol-

172 2205 175 2214 ‚
227 2153 289 2194 n
308 2119 450 2207 landiae,
476 2144 517 2203 ac
533 2119 713 2195 Zelandiae
729 2117 958 2206 Commissarii
983 2121 1020 2192 in
1036 2119 1123 2193 urbe
1141 2118 1255 2194 Breda
1283 2145 1456 2197 convene·
1539 2176 1542 2184 ·

257 2255 284 2291 n
310 2214 398 2299 rint,
418 2215 581 2311 aquibus
598 2218 707 2292 multa
721 2216 801 2312 paci
825 2216 926 2288 utilia
951 2215 987 2288 in
1016 2215 1169 2288 medium
1191 2217 1368 2302 addusta,
1393 2222 1457 2316 qui

258 2353 285 2388 n
310 2329 425 2384 tamen
441 2311 523 2386 inde
542 2313 742 2407 sperabatur
757 2309 890 2385 fruitus
908 2312 1049 2384 minime
1067 2310 1202 2384 secutus
1221 2312 1350 2400 fuerit,
1368 2315 1456 2408 quin

193 2437 198 2451 =
259 2449 284 2483 n
309 2409 427 2502 potius
445 2409 603 2494 interim,
629 2409 711 2483 dum
737 2406 814 2502 spes
832 2407 944 2482 solatii
968 2429 1012 2480 ex
1028 2409 1211 2482 clementia
1228 2409 1274 2488 ,δι
1298 2409 1456 2506 benigni·

256 2544 283 2578 v
309 2522 380 2576 tate
394 2499 465 2575 suae
486 2501 674 2597 Maiestatis
690 2501 873 2596 speratur,
897 2499 1049 2597 Hispani
1063 2501 1203 2576 miseros
1228 2502 1384 2579 subditos
1402 2507 1454 2576 in-

149 2677 158 2686 ,
260 2639 285 2675 o
310 2599 384 2670 dies
407 2601 628 2694 opprimere,
648 2600 853 2694 depredari,
878 2599 1045 2695 perdere,
1061 2619 1165 2694 atque
1180 2602 1218 2671 in
1238 2619 1452 2695 perpetuam

257 2736 284 2770 n
310 2693 516 2771 servitutem
532 2692 713 2788 redigere,
747 2715 817 2778 non
840 2691 1056 2776 destiterint,
1080 2696 1193 2769 varias
1207 2693 1347 2792 insuper
1363 2696 1451 2770 sedi·

254 2830 284 2867 -η
308 2792 421 2864 tiones
444 2789 659 2877 excitando,
683 2789 857 2876 urbibus,
884 2811 926 2862 ac
944 2790 1161 2884 magnatibus
1187 2795 1452 2882 comminando,

257 2928 282 2964 υ
308 2880 424 2976 multis
455 2883 626 2958 hostiliter
648 2889 829 2980 occupatis
852 2887 963 2971 locis,
989 2885 1083 2979 depo
1110 2886 1306 2982 ulatisque,
1340 2913 1381 2964 ac
1397 2893 1449 2964 in·

256 3023 283 3059 η
308 2980 427 3056 censs.
461 2981 568 3055 Unde
583 2981 729 3066 fastum,
754 3002 794 3055 ut
816 3005 895 3056 cunr
916 2981 938 3054 a
959 2977 1072 3054 Praefe
1109 2985 1137 3055 is
1163 2981 1447 3067 provinciarum,

245 3121 280 3156 t„
306 3075 423 3152 hostes
450 3078 519 3152 suae
541 3075 753 3173 imtestnris,
777 3101 819 3151 nc
836 3079 989 3172 publicae
1004 3079 1129 3172 quietis
1148 3079 1295 3174 judicati
1321 3078 1448 3167 effent,

256 3215 280 3250 κ
306 3175 473 3250 ἀίέὶπιιηι
483 3171 746 3250 provinciarum
759 3172 915 3251 Ordines
929 3176 1033 3248 armis
1050 3194 1173 3251 contra
1189 3200 1250 3248 eos
1270 3178 1448 3250 decertate

256 3307 280 3346 ‚r
306 3271 773 3366 recedebahuerinrpartin
789 3271 925 3366 majoris
935 3267 1156 3343 desolationis
1172 3273 1323 3344 vitandae
1336 3271 1449 3358 causa,
1547 3297 1550 3302 ·

254 3405 282 3438 n
308 3371 451 3456 partim,
476 3387 515 3440 ut
536 3367 804 3442 coalescentibus
822 3369 984 3440 inunum
1002 3388 1066 3460 per
1080 3383 1237 3437 mutuum
1253 3366 1368 3440 soedus
1379 3364 1449 3441 Re-

256 3499 283 3536 „
307 3463 449 3552 gionum
472 3464 595 3538 incolis
618 3513 628 3546 ,
652 3461 856 3556 Hispanos,
888 3483 1081 3554 eorumque
1108 3457 1285 3546 fautores,
1321 3463 1450 3535 Patriae

257 3595 282 3632 n
308 3554 563 3641 destrusiores,
588 3560 830 3632 communibus
853 3557 947 3630 votis
964 3558 1158 3650 ejicerent,
1190 3578 1232 3630 ac
1247 3560 1343 3634 cives
1361 3562 1449 3632 anti·

257 3691 281 3727 η
308 3653 387 3745 quis
413 3651 482 3724 suis
508 3653 670 3745 juribus,
696 3653 914 3748 privilegiis,
936 3650 1264 3740 consuetudinibus,
1287 3655 1450 3728 immuni·

255 3786 280 3824 η
306 3747 463 3832 tatibus,
496 3769 537 3820 ac
559 3749 775 3822 libertatibus
800 3748 1028 3832 fruerentur,
1078 3772 1125 3822 uo
1148 3750 1257 3822 libera
1283 3747 1449 3846 deinceps

212 3883 217 3890 ·
253 3843 279 3920 3,
305 3843 516 3938 negotiatio,
542 3843 788 3916 &mercatura
804 3843 870 3919 elle
891 3843 1013 3938 posset.
1052 3773 1150 3916 inde
1172 3843 1241 3932 est,
1265 3847 1360 3940 quod
1389 3853 1449 3920 ha-

213 3981 219 3988 ·
254 3981 278 4016 ‚2
304 3938 382 4012 bito
398 3942 512 4034 ptimo
530 3937 733 4012 eorumdem
754 3937 1001 4016 Ptaefedorunt
1018 3939 1282 4012 provinciarum
1306 3941 1449 4016 consen·

255 4078 279 4112 „
305 4035 362 4122 su,
388 4035 425 4107 bt
436 4036 537 4130 justa
556 4037 822 4110 conventionem
834 4037 947 4124 illam,
974 4057 1016 4106 ac
1035 4033 1311 4125 pacificationem
1328 4040 1363 4110 in
1380 4037 1451 4112 Ur·

239 4171 276 4206 ,n
302 4129 347 4202 be
366 4129 479 4206 Breda
494 4134 702 4226 incoeptam,
727 4129 876 4225 praesens
895 4133 952 4206 bic
968 4129 1131 4203 traiiatus
1145 4132 1190 4204 ad
1203 4133 1347 4227 gloriam
1361 4134 1450 4224 Dei,

213 4267 221 4275 ·
251 4267 277 4301 η
303 4226 341 4300 ur
359 4249 426 4322 pro
444 4226 513 4300 suae
540 4225 731 4322 Majestatls
748 4225 910 4311 servitio,
935 4227 1108 4315 directus,
1135 4225 1172 4300 δι
1192 4227 1303 4302 faetus
1332 4231 1382 4309 est
1399 4232 1452 4303 itt·

247 4361 277 4400 -η
302 4339 354 4392 ter
391 4321 577 4410 Pralatos,
604 4321 779 4414 Nobiles,
807 4323 945 4408 Urbes,
981 4321 1020 4398 dt
1044 4323 1201 4400 membra
1233 4325 1453 4410 Brabantiae,

213 4413 391 4495 t.Totrt.
415 4421 474 4494 ΙΙ.
500 4419 583 4494 Pars
610 4441 642 4492 2.
925 4415 1014 4540 uf!
1118 4425 1159 4448 ·’
1302 4419 1454 4498 „Flan-
