<?xml version="1.0" encoding="UTF-8"?>
<!DOCTYPE html PUBLIC "-//W3C//DTD XHTML 1.0 Transitional//EN"
    "http://www.w3.org/TR/xhtml1/DTD/xhtml1-transitional.dtd">
<html xmlns="http://www.w3.org/1999/xhtml" xml:lang="en" lang="en">
 <head>
  <title>
</title>
<meta http-equiv="Content-Type" content="text/html;charset=utf-8" />
  <meta name='ocr-system' content='tesseract 3.04.00' />
  <meta name='ocr-capabilities' content='ocr_page ocr_carea ocr_par ocr_line ocrx_word'/>
</head>
<body>
  <div class='ocr_page' id='page_1' title='image "./vitavigliiabayt00papegoog_0601.png"; bbox 0 0 3984 5167; ppageno 0'>
   <div class='ocr_carea' id='block_1_1' title="bbox 1194 310 1204 347">
    <p class='ocr_par' dir='ltr' id='par_1_1' title="bbox 1194 310 1204 347">
     <span class='ocr_line' id='line_1_1' title="bbox 1194 310 1204 347; baseline 0 0"><span class='ocrx_word' id='word_1_1' title='bbox 1194 310 1204 347; x_wconf 86' lang='lat' dir='ltr'>l</span> 
     </span>
    </p>
   </div>
   <div class='ocr_carea' id='block_1_2' title="bbox 549 456 1619 592">
    <p class='ocr_par' dir='ltr' id='par_1_2' title="bbox 549 456 1619 592">
     <span class='ocr_line' id='line_1_2' title="bbox 549 456 1619 592; baseline -0.007 -31"><span class='ocrx_word' id='word_1_2' title='bbox 549 472 630 592; x_wconf 74' lang='lat'><strong>&#39;592</strong></span> <span class='ocrx_word' id='word_1_3' title='bbox 689 468 722 580; x_wconf 93' lang='lat' dir='ltr'>J.</span> <span class='ocrx_word' id='word_1_4' title='bbox 751 464 799 555; x_wconf 92' lang='lat' dir='ltr'>B.</span> <span class='ocrx_word' id='word_1_5' title='bbox 828 486 904 555; x_wconf 82' lang='lat' dir='ltr'>nu</span> <span class='ocrx_word' id='word_1_6' title='bbox 941 460 1201 565; x_wconf 76' lang='lat' dir='ltr'>TASSISt</span> <span class='ocrx_word' id='word_1_7' title='bbox 1225 456 1619 556; x_wconf 87' lang='lat' dir='ltr'><strong>COMMENT.</strong></span> 
     </span>
    </p>
   </div>
   <div class='ocr_carea' id='block_1_3' title="bbox 404 655 1879 1243">
    <p class='ocr_par' dir='ltr' id='par_1_3' title="bbox 404 655 1879 1243">
     <span class='ocr_line' id='line_1_3' title="bbox 404 655 1751 763; baseline -0.005 -26"><span class='ocrx_word' id='word_1_8' title='bbox 404 672 508 763; x_wconf 73' lang='lat'>1598·</span> <span class='ocrx_word' id='word_1_9' title='bbox 547 717 575 762; x_wconf 85' lang='lat'>‚‚</span> <span class='ocrx_word' id='word_1_10' title='bbox 596 687 650 737; x_wconf 83' lang='lat' dir='ltr'>tut</span> <span class='ocrx_word' id='word_1_11' title='bbox 662 713 674 749; x_wconf 90' lang='lat'>‚</span> <span class='ocrx_word' id='word_1_12' title='bbox 687 659 872 757; x_wconf 88' lang='lat' dir='ltr'>omnesque</span> <span class='ocrx_word' id='word_1_13' title='bbox 889 680 1011 733; x_wconf 90' lang='lat' dir='ltr'>eorum</span> <span class='ocrx_word' id='word_1_14' title='bbox 1027 655 1253 742; x_wconf 84' lang='lat' dir='ltr'>succelfores,</span> <span class='ocrx_word' id='word_1_15' title='bbox 1268 655 1415 753; x_wconf 83' lang='lat' dir='ltr'>adquos</span> <span class='ocrx_word' id='word_1_16' title='bbox 1429 657 1664 733; x_wconf 77' lang='lat' dir='ltr'>devolventur</span> <span class='ocrx_word' id='word_1_17' title='bbox 1676 659 1751 736; x_wconf 76' lang='lat' dir='ltr'>illae</span> 
     </span>
     <span class='ocr_line' id='line_1_4' title="bbox 547 754 1749 858; baseline -0.002 -25"><span class='ocrx_word' id='word_1_18' title='bbox 547 814 575 858; x_wconf 86' lang='lat'>,‚</span> <span class='ocrx_word' id='word_1_19' title='bbox 597 761 813 847; x_wconf 76' lang='lat' dir='ltr'>Provinciae,</span> <span class='ocrx_word' id='word_1_20' title='bbox 827 760 922 829; x_wconf 93' lang='lat' dir='ltr'>nullo</span> <span class='ocrx_word' id='word_1_21' title='bbox 933 759 1040 830; x_wconf 89' lang='lat' dir='ltr'>modo</span> <span class='ocrx_word' id='word_1_22' title='bbox 1055 776 1220 852; x_wconf 89' lang='lat' dir='ltr'>poterunt</span> <span class='ocrx_word' id='word_1_23' title='bbox 1236 754 1324 829; x_wconf 89' lang='lat' dir='ltr'>inire</span> <span class='ocrx_word' id='word_1_24' title='bbox 1334 756 1562 841; x_wconf 89' lang='lat' dir='ltr'>commercia,</span> <span class='ocrx_word' id='word_1_25' title='bbox 1574 776 1636 828; x_wconf 85' lang='lat' dir='ltr'>aut</span> <span class='ocrx_word' id='word_1_26' title='bbox 1650 761 1749 831; x_wconf 87' lang='lat' dir='ltr'>navi·</span> 
     </span>
     <span class='ocr_line' id='line_1_5' title="bbox 546 850 1746 954; baseline -0.001 -26"><span class='ocrx_word' id='word_1_27' title='bbox 546 908 576 954; x_wconf 87' lang='lat'>„</span> <span class='ocrx_word' id='word_1_28' title='bbox 598 860 755 953; x_wconf 88' lang='lat' dir='ltr'>gationes</span> <span class='ocrx_word' id='word_1_29' title='bbox 770 858 805 929; x_wconf 88' lang='lat' dir='ltr'>in</span> <span class='ocrx_word' id='word_1_30' title='bbox 827 853 925 932; x_wconf 69' lang='lat' dir='ltr'>indii</span> <span class='ocrx_word' id='word_1_31' title='bbox 942 852 1138 938; x_wconf 82' lang='lat' dir='ltr'>Orientali,</span> <span class='ocrx_word' id='word_1_32' title='bbox 1157 874 1216 926; x_wconf 90' lang='lat' dir='ltr'>aut</span> <span class='ocrx_word' id='word_1_33' title='bbox 1231 850 1474 935; x_wconf 85' lang='lat' dir='ltr'>Occidentali,</span> <span class='ocrx_word' id='word_1_34' title='bbox 1486 874 1554 925; x_wconf 93' lang='lat' dir='ltr'>nec</span> <span class='ocrx_word' id='word_1_35' title='bbox 1570 856 1617 926; x_wconf 88' lang='lat' dir='ltr'>ed</span> <span class='ocrx_word' id='word_1_36' title='bbox 1633 855 1746 934; x_wconf 85' lang='lat' dir='ltr'>ullum</span> 
     </span>
     <span class='ocr_line' id='line_1_6' title="bbox 549 951 1746 1056; baseline -0.003 -30"><span class='ocrx_word' id='word_1_37' title='bbox 549 1004 576 1049; x_wconf 86' lang='lat'>,‚</span> <span class='ocrx_word' id='word_1_38' title='bbox 594 977 709 1052; x_wconf 86' lang='lat' dir='ltr'>genus</span> <span class='ocrx_word' id='word_1_39' title='bbox 726 952 943 1046; x_wconf 80' lang='lat' dir='ltr'>navigiorum</span> <span class='ocrx_word' id='word_1_40' title='bbox 963 953 1038 1024; x_wconf 91' lang='lat' dir='ltr'>ullo</span> <span class='ocrx_word' id='word_1_41' title='bbox 1053 954 1177 1032; x_wconf 75' lang='lat' dir='ltr'>titula,</span> <span class='ocrx_word' id='word_1_42' title='bbox 1196 952 1335 1036; x_wconf 86' lang='lat' dir='ltr'>colore,</span> <span class='ocrx_word' id='word_1_43' title='bbox 1347 972 1389 1021; x_wconf 90' lang='lat' dir='ltr'>ac</span> <span class='ocrx_word' id='word_1_44' title='bbox 1406 969 1578 1056; x_wconf 84' lang='lat' dir='ltr'>praetextu</span> <span class='ocrx_word' id='word_1_45' title='bbox 1591 951 1746 1040; x_wconf 89' lang='lat' dir='ltr'>mittere,</span> 
     </span>
     <span class='ocr_line' id='line_1_7' title="bbox 549 1042 1750 1144; baseline -0.002 -20"><span class='ocrx_word' id='word_1_46' title='bbox 549 1098 578 1144; x_wconf 81' lang='lat'>‚,</span> <span class='ocrx_word' id='word_1_47' title='bbox 602 1052 626 1123; x_wconf 88' lang='lat' dir='ltr'>li</span> <span class='ocrx_word' id='word_1_48' title='bbox 652 1050 749 1123; x_wconf 80' lang='lat' dir='ltr'>secus</span> <span class='ocrx_word' id='word_1_49' title='bbox 767 1047 878 1121; x_wconf 82' lang='lat' dir='ltr'>faxint</span> <span class='ocrx_word' id='word_1_50' title='bbox 899 1045 1005 1123; x_wconf 40' lang='lat' dir='ltr'>¹didiae</span> <span class='ocrx_word' id='word_1_51' title='bbox 1033 1047 1251 1129; x_wconf 84' lang='lat' dir='ltr'>Provinciae,</span> <span class='ocrx_word' id='word_1_52' title='bbox 1275 1047 1462 1119; x_wconf 78' lang='lat' dir='ltr'>reciderint</span> <span class='ocrx_word' id='word_1_53' title='bbox 1484 1046 1521 1116; x_wconf 94' lang='lat' dir='ltr'>in</span> <span class='ocrx_word' id='word_1_54' title='bbox 1540 1042 1750 1139; x_wconf 74' lang='lat' dir='ltr'>potestaten</span> 
     </span>
     <span class='ocr_line' id='line_1_8' title="bbox 548 1140 1879 1243; baseline -0.002 -22"><span class='ocrx_word' id='word_1_55' title='bbox 548 1197 578 1243; x_wconf 88' lang='lat'>„</span> <span class='ocrx_word' id='word_1_56' title='bbox 599 1144 715 1243; x_wconf 84' lang='lat' dir='ltr'>Regni</span> <span class='ocrx_word' id='word_1_57' title='bbox 734 1144 933 1239; x_wconf 86' lang='lat' dir='ltr'>Hispaniae,</span> <span class='ocrx_word' id='word_1_58' title='bbox 945 1144 981 1217; x_wconf 89' lang='lat'>&amp;</span> <span class='ocrx_word' id='word_1_59' title='bbox 996 1140 1020 1219; x_wconf 86' lang='lat' dir='ltr'>st</span> <span class='ocrx_word' id='word_1_60' title='bbox 1033 1144 1221 1237; x_wconf 86' lang='lat' dir='ltr'>contigerit</span> <span class='ocrx_word' id='word_1_61' title='bbox 1235 1144 1373 1235; x_wconf 88' lang='lat' dir='ltr'>aliquos</span> <span class='ocrx_word' id='word_1_62' title='bbox 1392 1140 1606 1214; x_wconf 84' lang='lat' dir='ltr'>subditorum</span> <span class='ocrx_word' id='word_1_63' title='bbox 1621 1160 1750 1220; x_wconf 79' lang='lat' dir='ltr'>contra</span> <span class='ocrx_word' id='word_1_64' title='bbox 1868 1140 1879 1161; x_wconf 75' lang='lat'><strong><em>⁹</em></strong></span> 
     </span>
    </p>
   </div>
   <div class='ocr_carea' id='block_1_4' title="bbox 299 1236 1859 4636">
    <p class='ocr_par' dir='ltr' id='par_1_4' title="bbox 299 1236 1859 4636">
     <span class='ocr_line' id='line_1_9' title="bbox 548 1236 1749 1340; baseline -0.002 -23"><span class='ocrx_word' id='word_1_65' title='bbox 548 1278 578 1340; x_wconf 64' lang='lat'>5,</span> <span class='ocrx_word' id='word_1_66' title='bbox 600 1246 669 1317; x_wconf 89' lang='lat' dir='ltr'>tale</span> <span class='ocrx_word' id='word_1_67' title='bbox 690 1239 855 1314; x_wconf 72' lang='lat' dir='ltr'>Ediflum</span> <span class='ocrx_word' id='word_1_68' title='bbox 885 1238 1001 1311; x_wconf 79' lang='lat' dir='ltr'>indias</span> <span class='ocrx_word' id='word_1_69' title='bbox 1030 1237 1147 1316; x_wconf 85' lang='lat' dir='ltr'>versus</span> <span class='ocrx_word' id='word_1_70' title='bbox 1176 1238 1369 1334; x_wconf 86' lang='lat' dir='ltr'>proficisci,</span> <span class='ocrx_word' id='word_1_71' title='bbox 1393 1236 1542 1310; x_wconf 89' lang='lat' dir='ltr'>Domini</span> <span class='ocrx_word' id='word_1_72' title='bbox 1560 1243 1749 1337; x_wconf 81' lang='lat' dir='ltr'>earundem</span> 
     </span>
     <span class='ocr_line' id='line_1_10' title="bbox 547 1335 1749 1435; baseline 0 -24"><span class='ocrx_word' id='word_1_73' title='bbox 547 1391 578 1435; x_wconf 85' lang='lat'>‚‚</span> <span class='ocrx_word' id='word_1_74' title='bbox 602 1338 860 1413; x_wconf 87' lang='lat' dir='ltr'>Provinciarum</span> <span class='ocrx_word' id='word_1_75' title='bbox 873 1336 1083 1410; x_wconf 89' lang='lat' dir='ltr'>tenebuntur</span> <span class='ocrx_word' id='word_1_76' title='bbox 1097 1360 1157 1409; x_wconf 88' lang='lat' dir='ltr'>eos</span> <span class='ocrx_word' id='word_1_77' title='bbox 1172 1336 1336 1431; x_wconf 86' lang='lat' dir='ltr'>castigare</span> <span class='ocrx_word' id='word_1_78' title='bbox 1344 1385 1356 1433; x_wconf 79' lang='lat'>,</span> <span class='ocrx_word' id='word_1_79' title='bbox 1367 1335 1471 1429; x_wconf 72' lang='lat' dir='ltr'>poend</span> <span class='ocrx_word' id='word_1_80' title='bbox 1480 1336 1652 1409; x_wconf 89' lang='lat' dir='ltr'>bonorum</span> <span class='ocrx_word' id='word_1_81' title='bbox 1661 1360 1749 1413; x_wconf 89' lang='lat' dir='ltr'>con·</span> 
     </span>
     <span class='ocr_line' id='line_1_11' title="bbox 550 1431 1696 1532; baseline -0.001 -24"><span class='ocrx_word' id='word_1_82' title='bbox 550 1487 579 1532; x_wconf 84' lang='lat'>„</span> <span class='ocrx_word' id='word_1_83' title='bbox 600 1436 801 1519; x_wconf 88' lang='lat' dir='ltr'>fifcarionis‚</span> <span class='ocrx_word' id='word_1_84' title='bbox 821 1433 963 1527; x_wconf 87' lang='lat' dir='ltr'>aliisque</span> <span class='ocrx_word' id='word_1_85' title='bbox 985 1434 1147 1528; x_wconf 85' lang='lat' dir='ltr'>gravibus</span> <span class='ocrx_word' id='word_1_86' title='bbox 1162 1436 1292 1530; x_wconf 76' lang='lat' dir='ltr'>ponis,</span> <span class='ocrx_word' id='word_1_87' title='bbox 1313 1434 1415 1503; x_wconf 91' lang='lat' dir='ltr'>etiarn</span> <span class='ocrx_word' id='word_1_88' title='bbox 1432 1431 1538 1526; x_wconf 81' lang='lat' dir='ltr'>poenal</span> <span class='ocrx_word' id='word_1_89' title='bbox 1560 1434 1696 1507; x_wconf 75' lang='lat' dir='ltr'>mortis.</span> 
     </span>
     <span class='ocr_line' id='line_1_12' title="bbox 596 1524 1749 1624; baseline -0.003 -18"><span class='ocrx_word' id='word_1_90' title='bbox 596 1582 626 1624; x_wconf 65' lang='lat'>2,</span> <span class='ocrx_word' id='word_1_91' title='bbox 646 1558 682 1621; x_wconf 83' lang='lat'>9.</span> <span class='ocrx_word' id='word_1_92' title='bbox 711 1528 883 1605; x_wconf 88' lang='lat' dir='ltr'>Conditio</span> <span class='ocrx_word' id='word_1_93' title='bbox 913 1531 1067 1624; x_wconf 86' lang='lat' dir='ltr'>exprelfa</span> <span class='ocrx_word' id='word_1_94' title='bbox 1086 1530 1159 1614; x_wconf 85' lang='lat' dir='ltr'>est,</span> <span class='ocrx_word' id='word_1_95' title='bbox 1186 1530 1235 1601; x_wconf 88' lang='lat' dir='ltr'>Et</span> <span class='ocrx_word' id='word_1_96' title='bbox 1262 1526 1477 1616; x_wconf 81' lang='lat' dir='ltr'>annaliter,</span> <span class='ocrx_word' id='word_1_97' title='bbox 1502 1524 1656 1602; x_wconf 76' lang='lat' dir='ltr'>fididinr</span> <span class='ocrx_word' id='word_1_98' title='bbox 1681 1530 1749 1602; x_wconf 85' lang='lat' dir='ltr'>Ar·</span> 
     </span>
     <span class='ocr_line' id='line_1_13' title="bbox 526 1622 1749 1727; baseline -0.001 -26"><span class='ocrx_word' id='word_1_99' title='bbox 526 1660 578 1727; x_wconf 83' lang='lat'>·,‚</span> <span class='ocrx_word' id='word_1_100' title='bbox 601 1629 733 1701; x_wconf 82' lang='lat' dir='ltr'>chidux</span> <span class='ocrx_word' id='word_1_101' title='bbox 757 1628 930 1715; x_wconf 75' lang='lat' dir='ltr'>Alienus,</span> <span class='ocrx_word' id='word_1_102' title='bbox 966 1622 1103 1727; x_wconf 47' lang='lat' dir='ltr'>nollerw</span> <span class='ocrx_word' id='word_1_103' title='bbox 1118 1627 1232 1697; x_wconf 90' lang='lat' dir='ltr'>bonus</span> <span class='ocrx_word' id='word_1_104' title='bbox 1264 1648 1374 1719; x_wconf 89' lang='lat' dir='ltr'>nepos</span> <span class='ocrx_word' id='word_1_105' title='bbox 1406 1622 1617 1720; x_wconf 86' lang='lat' dir='ltr'>superfuerit</span> <span class='ocrx_word' id='word_1_106' title='bbox 1644 1624 1749 1701; x_wconf 70' lang='lat' dir='ltr'>ditia</span> 
     </span>
     <span class='ocr_line' id='line_1_14' title="bbox 551 1720 1748 1823; baseline 0.003 -27"><span class='ocrx_word' id='word_1_107' title='bbox 551 1778 579 1823; x_wconf 85' lang='lat'>„</span> <span class='ocrx_word' id='word_1_108' title='bbox 602 1724 727 1797; x_wconf 85' lang='lat' dir='ltr'>nostrae</span> <span class='ocrx_word' id='word_1_109' title='bbox 744 1722 849 1811; x_wconf 85' lang='lat' dir='ltr'>filiae,</span> <span class='ocrx_word' id='word_1_110' title='bbox 867 1743 943 1814; x_wconf 86' lang='lat' dir='ltr'>quae</span> <span class='ocrx_word' id='word_1_111' title='bbox 959 1724 1137 1816; x_wconf 86' lang='lat' dir='ltr'>reliquerit</span> <span class='ocrx_word' id='word_1_112' title='bbox 1155 1722 1286 1807; x_wconf 90' lang='lat' dir='ltr'>filium,</span> <span class='ocrx_word' id='word_1_113' title='bbox 1312 1741 1370 1793; x_wconf 88' lang='lat' dir='ltr'>aut</span> <span class='ocrx_word' id='word_1_114' title='bbox 1390 1720 1518 1804; x_wconf 84' lang='lat' dir='ltr'>filiam,</span> <span class='ocrx_word' id='word_1_115' title='bbox 1543 1744 1654 1816; x_wconf 84' lang='lat' dir='ltr'>penes</span> <span class='ocrx_word' id='word_1_116' title='bbox 1668 1746 1748 1799; x_wconf 83' lang='lat' dir='ltr'>eum</span> 
     </span>
     <span class='ocr_line' id='line_1_15' title="bbox 550 1817 1748 1918; baseline -0.002 -25"><span class='ocrx_word' id='word_1_117' title='bbox 550 1872 580 1918; x_wconf 81' lang='lat'>„</span> <span class='ocrx_word' id='word_1_118' title='bbox 603 1823 667 1893; x_wconf 87' lang='lat' dir='ltr'>erit</span> <span class='ocrx_word' id='word_1_119' title='bbox 685 1820 891 1914; x_wconf 82' lang='lat' dir='ltr'>gubernatio</span> <span class='ocrx_word' id='word_1_120' title='bbox 913 1822 992 1892; x_wconf 88' lang='lat' dir='ltr'>talis</span> <span class='ocrx_word' id='word_1_121' title='bbox 1017 1818 1100 1902; x_wconf 87' lang='lat' dir='ltr'>filii,</span> <span class='ocrx_word' id='word_1_122' title='bbox 1123 1839 1183 1892; x_wconf 89' lang='lat' dir='ltr'>aut</span> <span class='ocrx_word' id='word_1_123' title='bbox 1204 1817 1284 1892; x_wconf 88' lang='lat' dir='ltr'>filiae</span> <span class='ocrx_word' id='word_1_124' title='bbox 1308 1818 1477 1903; x_wconf 83' lang='lat' dir='ltr'>haeredis,</span> <span class='ocrx_word' id='word_1_125' title='bbox 1503 1819 1748 1913; x_wconf 89' lang='lat' dir='ltr'>bonorumque</span> 
     </span>
     <span class='ocr_line' id='line_1_16' title="bbox 551 1910 1748 2014; baseline 0.002 -25"><span class='ocrx_word' id='word_1_126' title='bbox 551 1970 579 2014; x_wconf 84' lang='lat'>„</span> <span class='ocrx_word' id='word_1_127' title='bbox 601 1922 754 1989; x_wconf 89' lang='lat' dir='ltr'>omnium</span> <span class='ocrx_word' id='word_1_128' title='bbox 773 1914 1043 2003; x_wconf 84' lang='lat' dir='ltr'>administratio,</span> <span class='ocrx_word' id='word_1_129' title='bbox 1067 1916 1119 1988; x_wconf 92' lang='lat' dir='ltr'>uri</span> <span class='ocrx_word' id='word_1_130' title='bbox 1136 1914 1288 1988; x_wconf 74' lang='lat' dir='ltr'>fafiurus</span> <span class='ocrx_word' id='word_1_131' title='bbox 1310 1910 1409 1997; x_wconf 82' lang='lat' dir='ltr'>effer,</span> <span class='ocrx_word' id='word_1_132' title='bbox 1435 1912 1617 2006; x_wconf 87' lang='lat' dir='ltr'>superstite</span> <span class='ocrx_word' id='word_1_133' title='bbox 1629 1916 1748 1992; x_wconf 85' lang='lat' dir='ltr'>adbuc</span> 
     </span>
     <span class='ocr_line' id='line_1_17' title="bbox 550 2002 1749 2109; baseline -0.001 -23"><span class='ocrx_word' id='word_1_134' title='bbox 550 2064 579 2109; x_wconf 84' lang='lat'>„</span> <span class='ocrx_word' id='word_1_135' title='bbox 601 2011 693 2087; x_wconf 73' lang='lat' dir='ltr'>dieta</span> <span class='ocrx_word' id='word_1_136' title='bbox 722 2010 838 2085; x_wconf 72' lang='lat' dir='ltr'>nostrl</span> <span class='ocrx_word' id='word_1_137' title='bbox 866 2002 969 2085; x_wconf 70' lang='lat' dir='ltr'>filiai</span> <span class='ocrx_word' id='word_1_138' title='bbox 996 2011 1169 2085; x_wconf 71' lang='lat' dir='ltr'>Praeterea</span> <span class='ocrx_word' id='word_1_139' title='bbox 1193 2010 1307 2085; x_wconf 72' lang='lat' dir='ltr'>didius</span> <span class='ocrx_word' id='word_1_140' title='bbox 1332 2010 1441 2083; x_wconf 83' lang='lat' dir='ltr'>noller</span> <span class='ocrx_word' id='word_1_141' title='bbox 1471 2008 1597 2106; x_wconf 80' lang='lat' dir='ltr'>Nepos</span> <span class='ocrx_word' id='word_1_142' title='bbox 1620 2014 1749 2087; x_wconf 88' lang='lat' dir='ltr'>Archi·</span> 
     </span>
     <span class='ocr_line' id='line_1_18' title="bbox 553 2106 1751 2205; baseline 0.003 -25"><span class='ocrx_word' id='word_1_143' title='bbox 553 2160 583 2205; x_wconf 85' lang='lat'>„</span> <span class='ocrx_word' id='word_1_144' title='bbox 605 2111 676 2181; x_wconf 83' lang='lat' dir='ltr'>dux</span> <span class='ocrx_word' id='word_1_145' title='bbox 692 2106 824 2181; x_wconf 89' lang='lat' dir='ltr'>fruetur</span> <span class='ocrx_word' id='word_1_146' title='bbox 843 2108 911 2181; x_wconf 88' lang='lat' dir='ltr'>boc</span> <span class='ocrx_word' id='word_1_147' title='bbox 942 2108 1021 2182; x_wconf 87' lang='lat' dir='ltr'>calu</span> <span class='ocrx_word' id='word_1_148' title='bbox 1046 2108 1156 2203; x_wconf 91' lang='lat' dir='ltr'>(durn</span> <span class='ocrx_word' id='word_1_149' title='bbox 1179 2112 1247 2182; x_wconf 88' lang='lat' dir='ltr'>erit</span> <span class='ocrx_word' id='word_1_150' title='bbox 1273 2110 1312 2180; x_wconf 93' lang='lat' dir='ltr'>in</span> <span class='ocrx_word' id='word_1_151' title='bbox 1329 2106 1445 2203; x_wconf 84' lang='lat' dir='ltr'>vivis)</span> <span class='ocrx_word' id='word_1_152' title='bbox 1470 2110 1630 2181; x_wconf 83' lang='lat' dir='ltr'>omnibus</span> <span class='ocrx_word' id='word_1_153' title='bbox 1646 2108 1751 2184; x_wconf 72' lang='lat' dir='ltr'>dietis</span> 
     </span>
     <span class='ocr_line' id='line_1_19' title="bbox 551 2201 1748 2300; baseline 0.003 -24"><span class='ocrx_word' id='word_1_154' title='bbox 551 2255 581 2300; x_wconf 85' lang='lat'>,‚</span> <span class='ocrx_word' id='word_1_155' title='bbox 604 2201 796 2278; x_wconf 85' lang='lat' dir='ltr'>Provinciis</span> <span class='ocrx_word' id='word_1_156' title='bbox 811 2202 983 2278; x_wconf 86' lang='lat' dir='ltr'>inferioris</span> <span class='ocrx_word' id='word_1_157' title='bbox 994 2205 1194 2277; x_wconf 82' lang='lat' dir='ltr'>Germaniae</span> <span class='ocrx_word' id='word_1_158' title='bbox 1203 2253 1214 2290; x_wconf 92' lang='lat'>,</span> <span class='ocrx_word' id='word_1_159' title='bbox 1239 2205 1375 2299; x_wconf 88' lang='lat' dir='ltr'>eritque</span> <span class='ocrx_word' id='word_1_160' title='bbox 1392 2225 1508 2276; x_wconf 87' lang='lat' dir='ltr'>earnm</span> <span class='ocrx_word' id='word_1_161' title='bbox 1518 2202 1580 2279; x_wconf 87' lang='lat' dir='ltr'>ufu</span> <span class='ocrx_word' id='word_1_162' title='bbox 1594 2202 1748 2280; x_wconf 71' lang='lat' dir='ltr'>frufiua·</span> 
     </span>
     <span class='ocr_line' id='line_1_20' title="bbox 551 2296 1744 2399; baseline 0 -24"><span class='ocrx_word' id='word_1_163' title='bbox 551 2354 579 2399; x_wconf 86' lang='lat'>„</span> <span class='ocrx_word' id='word_1_164' title='bbox 602 2302 698 2389; x_wconf 88' lang='lat' dir='ltr'>rius,</span> <span class='ocrx_word' id='word_1_165' title='bbox 723 2300 917 2375; x_wconf 89' lang='lat' dir='ltr'>dummodo</span> <span class='ocrx_word' id='word_1_166' title='bbox 935 2302 1078 2375; x_wconf 74' lang='lat' dir='ltr'>honeste</span> <span class='ocrx_word' id='word_1_167' title='bbox 1096 2301 1257 2377; x_wconf 88' lang='lat' dir='ltr'>sustentet</span> <span class='ocrx_word' id='word_1_168' title='bbox 1273 2324 1395 2373; x_wconf 85' lang='lat' dir='ltr'>omnes</span> <span class='ocrx_word' id='word_1_169' title='bbox 1409 2321 1470 2374; x_wconf 87' lang='lat' dir='ltr'>eos</span> <span class='ocrx_word' id='word_1_170' title='bbox 1490 2296 1600 2383; x_wconf 87' lang='lat' dir='ltr'>filios,</span> <span class='ocrx_word' id='word_1_171' title='bbox 1616 2300 1744 2375; x_wconf 81' lang='lat' dir='ltr'>&#39;secun-</span> 
     </span>
     <span class='ocr_line' id='line_1_21' title="bbox 553 2394 1748 2495; baseline 0.001 -24"><span class='ocrx_word' id='word_1_172' title='bbox 553 2400 685 2495; x_wconf 85' lang='lat' dir='ltr'>„dum</span> <span class='ocrx_word' id='word_1_173' title='bbox 710 2420 832 2471; x_wconf 89' lang='lat' dir='ltr'>eorum</span> <span class='ocrx_word' id='word_1_174' title='bbox 851 2400 1019 2491; x_wconf 87' lang='lat' dir='ltr'>gradum,</span> <span class='ocrx_word' id='word_1_175' title='bbox 1047 2396 1085 2471; x_wconf 79' lang='grc' dir='ltr'><strong>ἃ</strong></span> <span class='ocrx_word' id='word_1_176' title='bbox 1105 2420 1188 2471; x_wconf 90' lang='lat' dir='ltr'>natu</span> <span class='ocrx_word' id='word_1_177' title='bbox 1218 2399 1358 2493; x_wconf 76' lang='lat' dir='ltr'>majori,</span> <span class='ocrx_word' id='word_1_178' title='bbox 1382 2394 1441 2470; x_wconf 90' lang='lat' dir='ltr'>feu</span> <span class='ocrx_word' id='word_1_179' title='bbox 1469 2394 1561 2480; x_wconf 88' lang='lat' dir='ltr'>lilio,</span> <span class='ocrx_word' id='word_1_180' title='bbox 1587 2395 1643 2472; x_wconf 89' lang='lat' dir='ltr'>seu</span> <span class='ocrx_word' id='word_1_181' title='bbox 1666 2397 1748 2473; x_wconf 77' lang='lat' dir='ltr'>filiae</span> 
     </span>
     <span class='ocr_line' id='line_1_22' title="bbox 553 2490 1747 2590; baseline 0.003 -24"><span class='ocrx_word' id='word_1_182' title='bbox 553 2492 760 2590; x_wconf 81' lang='lat' dir='ltr'>„conferet</span> <span class='ocrx_word' id='word_1_183' title='bbox 783 2490 1029 2577; x_wconf 87' lang='lat' dir='ltr'>Provinciam,</span> <span class='ocrx_word' id='word_1_184' title='bbox 1066 2492 1314 2588; x_wconf 88' lang='lat' dir='ltr'>Ducatumque</span> <span class='ocrx_word' id='word_1_185' title='bbox 1346 2496 1675 2589; x_wconf 76' lang='lat' dir='ltr'>Lutemlurgensem,</span> <span class='ocrx_word' id='word_1_186' title='bbox 1709 2492 1747 2569; x_wconf 81' lang='lat' dir='ltr'>dr</span> 
     </span>
     <span class='ocr_line' id='line_1_23' title="bbox 553 2588 1747 2687; baseline 0.003 -26"><span class='ocrx_word' id='word_1_187' title='bbox 553 2640 582 2686; x_wconf 86' lang='lat'>„</span> <span class='ocrx_word' id='word_1_188' title='bbox 604 2588 818 2664; x_wconf 88' lang='lat' dir='ltr'>Comitaturn</span> <span class='ocrx_word' id='word_1_189' title='bbox 847 2594 948 2687; x_wconf 80' lang='lat' dir='ltr'>Cliny</span> <span class='ocrx_word' id='word_1_190' title='bbox 972 2616 1016 2665; x_wconf 87' lang='lat' dir='ltr'>ex</span> <span class='ocrx_word' id='word_1_191' title='bbox 1043 2613 1086 2663; x_wconf 91' lang='lat' dir='ltr'>eo</span> <span class='ocrx_word' id='word_1_192' title='bbox 1114 2590 1391 2685; x_wconf 84' lang='lat' dir='ltr'>dependentem,</span> <span class='ocrx_word' id='word_1_193' title='bbox 1421 2591 1474 2662; x_wconf 91' lang='lat' dir='ltr'>uti</span> <span class='ocrx_word' id='word_1_194' title='bbox 1498 2614 1539 2664; x_wconf 89' lang='lat' dir='ltr'>ea</span> <span class='ocrx_word' id='word_1_195' title='bbox 1562 2590 1747 2686; x_wconf 87' lang='lat' dir='ltr'>pollideat,</span> 
     </span>
     <span class='ocr_line' id='line_1_24' title="bbox 552 2682 1747 2782; baseline 0.003 -25"><span class='ocrx_word' id='word_1_196' title='bbox 552 2736 580 2782; x_wconf 82' lang='lat'>,‚</span> <span class='ocrx_word' id='word_1_197' title='bbox 602 2684 806 2781; x_wconf 84' lang='lat' dir='ltr'>fruaturque</span> <span class='ocrx_word' id='word_1_198' title='bbox 827 2689 943 2782; x_wconf 91' lang='lat' dir='ltr'>quoad</span> <span class='ocrx_word' id='word_1_199' title='bbox 967 2689 1067 2760; x_wconf 92' lang='lat' dir='ltr'>vivat</span> <span class='ocrx_word' id='word_1_200' title='bbox 1084 2682 1208 2773; x_wconf 87' lang='lat' dir='ltr'>Pater,</span> <span class='ocrx_word' id='word_1_201' title='bbox 1233 2688 1312 2782; x_wconf 91' lang='lat' dir='ltr'>post</span> <span class='ocrx_word' id='word_1_202' title='bbox 1326 2686 1574 2782; x_wconf 82' lang='lat' dir='ltr'>cnjusobitum</span> <span class='ocrx_word' id='word_1_203' title='bbox 1590 2690 1747 2762; x_wconf 88' lang='lat' dir='ltr'>omnium</span> 
     </span>
     <span class='ocr_line' id='line_1_25' title="bbox 376 2781 1750 2899; baseline 0.003 -44"><span class='ocrx_word' id='word_1_204' title='bbox 376 2844 397 2884; x_wconf 67' lang='grc'><em>,</em></span> <span class='ocrx_word' id='word_1_205' title='bbox 466 2840 490 2899; x_wconf 80' lang='lat' dir='ltr'>&#39;l</span> <span class='ocrx_word' id='word_1_206' title='bbox 553 2783 865 2881; x_wconf 69' lang='lat' dir='ltr'>„,Provinciarum</span> <span class='ocrx_word' id='word_1_207' title='bbox 884 2783 1053 2856; x_wconf 88' lang='lat' dir='ltr'>Dominio</span> <span class='ocrx_word' id='word_1_208' title='bbox 1075 2785 1229 2879; x_wconf 86' lang='lat' dir='ltr'>potietur</span> <span class='ocrx_word' id='word_1_209' title='bbox 1253 2806 1417 2879; x_wconf 89' lang='lat' dir='ltr'>tanquam</span> <span class='ocrx_word' id='word_1_210' title='bbox 1442 2782 1517 2877; x_wconf 76' lang='lat' dir='ltr'>ejus</span> <span class='ocrx_word' id='word_1_211' title='bbox 1541 2781 1668 2857; x_wconf 87' lang='lat' dir='ltr'>Haeres</span> <span class='ocrx_word' id='word_1_212' title='bbox 1690 2809 1750 2880; x_wconf 86' lang='lat' dir='ltr'>ge·</span> 
     </span>
     <span class='ocr_line' id='line_1_26' title="bbox 373 2842 1748 2999; baseline 0.003 -48"><span class='ocrx_word' id='word_1_213' title='bbox 373 2842 472 2999; x_wconf 48' lang='lat'><em>[032²</em></span> <span class='ocrx_word' id='word_1_214' title='bbox 554 2932 581 2976; x_wconf 87' lang='lat'>„</span> <span class='ocrx_word' id='word_1_215' title='bbox 603 2883 723 2955; x_wconf 84' lang='lat' dir='ltr'>neralis</span> <span class='ocrx_word' id='word_1_216' title='bbox 735 2930 745 2965; x_wconf 87' lang='lat'>,</span> <span class='ocrx_word' id='word_1_217' title='bbox 772 2878 996 2975; x_wconf 73' lang='lat' dir='ltr'>exprelleque</span> <span class='ocrx_word' id='word_1_218' title='bbox 1019 2882 1078 2953; x_wconf 91' lang='lat' dir='ltr'>hic</span> <span class='ocrx_word' id='word_1_219' title='bbox 1099 2882 1296 2953; x_wconf 81' lang='lat' dir='ltr'>declaratur</span> <span class='ocrx_word' id='word_1_220' title='bbox 1313 2884 1405 2952; x_wconf 90' lang='lat' dir='ltr'>hanc</span> <span class='ocrx_word' id='word_1_221' title='bbox 1423 2878 1638 2953; x_wconf 72' lang='lat' dir='ltr'>ususfruflus</span> <span class='ocrx_word' id='word_1_222' title='bbox 1655 2885 1748 2955; x_wconf 90' lang='lat' dir='ltr'>clau·</span> 
     </span>
     <span class='ocr_line' id='line_1_27' title="bbox 377 2974 1748 3075; baseline -0.007 -15"><span class='ocrx_word' id='word_1_223' title='bbox 377 3002 442 3060; x_wconf 73' lang='lat' dir='ltr'>burc</span> <span class='ocrx_word' id='word_1_224' title='bbox 456 3012 526 3054; x_wconf 73' lang='lat' dir='ltr'>mr·</span> <span class='ocrx_word' id='word_1_225' title='bbox 554 3026 582 3075; x_wconf 82' lang='lat'>‚,</span> <span class='ocrx_word' id='word_1_226' title='bbox 603 2976 709 3051; x_wconf 89' lang='lat' dir='ltr'>sulam</span> <span class='ocrx_word' id='word_1_227' title='bbox 726 2997 859 3049; x_wconf 90' lang='lat' dir='ltr'>tantum</span> <span class='ocrx_word' id='word_1_228' title='bbox 886 2978 1033 3070; x_wconf 86' lang='lat' dir='ltr'>intelligi</span> <span class='ocrx_word' id='word_1_229' title='bbox 1050 2975 1271 3050; x_wconf 86' lang='lat' dir='ltr'>constitutam</span> <span class='ocrx_word' id='word_1_230' title='bbox 1296 2974 1364 3050; x_wconf 81' lang='lat' dir='ltr'>effe</span> <span class='ocrx_word' id='word_1_231' title='bbox 1383 2977 1420 3048; x_wconf 93' lang='lat' dir='ltr'>in</span> <span class='ocrx_word' id='word_1_232' title='bbox 1434 2974 1646 3067; x_wconf 78' lang='lat' dir='ltr'>beneficium</span> <span class='ocrx_word' id='word_1_233' title='bbox 1664 2978 1748 3051; x_wconf 72' lang='lat' dir='ltr'>dieti</span> 
     </span>
     <span class='ocr_line' id='line_1_28' title="bbox 299 3072 1748 3170; baseline -0.005 -17"><span class='ocrx_word' id='word_1_234' title='bbox 299 3078 306 3091; x_wconf 90' lang='lat'>&#39;</span> <span class='ocrx_word' id='word_1_235' title='bbox 381 3072 505 3163; x_wconf 75' lang='lat' dir='ltr'>rofiffint</span> <span class='ocrx_word' id='word_1_236' title='bbox 555 3124 583 3169; x_wconf 87' lang='lat'>,‚</span> <span class='ocrx_word' id='word_1_237' title='bbox 603 3072 711 3149; x_wconf 90' lang='lat' dir='ltr'>nostri</span> <span class='ocrx_word' id='word_1_238' title='bbox 732 3072 815 3145; x_wconf 91' lang='lat' dir='ltr'>boni</span> <span class='ocrx_word' id='word_1_239' title='bbox 848 3076 987 3167; x_wconf 87' lang='lat' dir='ltr'>nepotis</span> <span class='ocrx_word' id='word_1_240' title='bbox 1013 3072 1225 3147; x_wconf 87' lang='lat' dir='ltr'>Archiducis</span> <span class='ocrx_word' id='word_1_241' title='bbox 1247 3074 1392 3158; x_wconf 84' lang='lat' dir='ltr'>Alberti,</span> <span class='ocrx_word' id='word_1_242' title='bbox 1416 3072 1524 3167; x_wconf 91' lang='lat' dir='ltr'>idque</span> <span class='ocrx_word' id='word_1_243' title='bbox 1550 3095 1623 3147; x_wconf 86' lang='lat' dir='ltr'>uon</span> <span class='ocrx_word' id='word_1_244' title='bbox 1650 3072 1748 3170; x_wconf 85' lang='lat' dir='ltr'>polle</span> 
     </span>
     <span class='ocr_line' id='line_1_29' title="bbox 380 3159 1752 3267; baseline 0.002 -24"><span class='ocrx_word' id='word_1_245' title='bbox 380 3159 508 3225; x_wconf 69' lang='lat' dir='ltr'>¹⁵⁶W¹⁰v</span> <span class='ocrx_word' id='word_1_246' title='bbox 555 3222 582 3267; x_wconf 85' lang='lat'>‚,</span> <span class='ocrx_word' id='word_1_247' title='bbox 604 3172 693 3244; x_wconf 85' lang='lat' dir='ltr'>trahi</span> <span class='ocrx_word' id='word_1_248' title='bbox 710 3172 746 3242; x_wconf 92' lang='lat' dir='ltr'>in</span> <span class='ocrx_word' id='word_1_249' title='bbox 761 3172 957 3265; x_wconf 85' lang='lat' dir='ltr'>exemplum</span> <span class='ocrx_word' id='word_1_250' title='bbox 972 3170 1133 3263; x_wconf 89' lang='lat' dir='ltr'>cuiquam</span> <span class='ocrx_word' id='word_1_251' title='bbox 1149 3166 1543 3257; x_wconf 82' lang='lat' dir='ltr'>suorumsuccellorum,</span> <span class='ocrx_word' id='word_1_252' title='bbox 1573 3192 1639 3245; x_wconf 90' lang='lat' dir='ltr'>nec</span> <span class='ocrx_word' id='word_1_253' title='bbox 1653 3172 1752 3265; x_wconf 86' lang='lat' dir='ltr'>quic·</span> 
     </span>
     <span class='ocr_line' id='line_1_30' title="bbox 372 3232 1306 3388; baseline -0.003 -48"><span class='ocrx_word' id='word_1_254' title='bbox 372 3232 507 3388; x_wconf 56' lang='lat' dir='ltr'>&#39;saw</span> <span class='ocrx_word' id='word_1_255' title='bbox 556 3319 584 3365; x_wconf 86' lang='lat'>‚‚</span> <span class='ocrx_word' id='word_1_256' title='bbox 606 3290 708 3365; x_wconf 92' lang='lat' dir='ltr'>quam</span> <span class='ocrx_word' id='word_1_257' title='bbox 729 3269 760 3340; x_wconf 90' lang='lat' dir='ltr'>ei</span> <span class='ocrx_word' id='word_1_258' title='bbox 775 3269 860 3361; x_wconf 87' lang='lat' dir='ltr'>juris</span> <span class='ocrx_word' id='word_1_259' title='bbox 877 3266 914 3338; x_wconf 89' lang='lat' dir='ltr'>in</span> <span class='ocrx_word' id='word_1_260' title='bbox 939 3262 1041 3339; x_wconf 86' lang='lat' dir='ltr'>fimili</span> <span class='ocrx_word' id='word_1_261' title='bbox 1059 3266 1138 3339; x_wconf 89' lang='lat' dir='ltr'>casu</span> <span class='ocrx_word' id='word_1_262' title='bbox 1161 3267 1306 3361; x_wconf 90' lang='lat' dir='ltr'>acquiri.</span> 
     </span>
     <span class='ocr_line' id='line_1_31' title="bbox 312 3358 1751 3469; baseline 0.001 -32"><span class='ocrx_word' id='word_1_263' title='bbox 312 3385 313 3392; x_wconf 53' lang='lat'>¹</span> <span class='ocrx_word' id='word_1_264' title='bbox 381 3392 441 3469; x_wconf 80' lang='lat' dir='ltr'>Ego</span> <span class='ocrx_word' id='word_1_265' title='bbox 454 3358 494 3465; x_wconf 62' lang='lat' dir='ltr'>fi}</span> <span class='ocrx_word' id='word_1_266' title='bbox 604 3414 631 3458; x_wconf 82' lang='lat'><strong>„</strong></span> <span class='ocrx_word' id='word_1_267' title='bbox 658 3384 710 3437; x_wconf 87' lang='lat' dir='ltr'>ro.</span> <span class='ocrx_word' id='word_1_268' title='bbox 738 3362 787 3437; x_wconf 84' lang='lat' dir='ltr'>Et</span> <span class='ocrx_word' id='word_1_269' title='bbox 810 3386 880 3435; x_wconf 89' lang='lat' dir='ltr'>non</span> <span class='ocrx_word' id='word_1_270' title='bbox 903 3363 1020 3443; x_wconf 83' lang='lat' dir='ltr'>aliter,</span> <span class='ocrx_word' id='word_1_271' title='bbox 1058 3364 1137 3457; x_wconf 92' lang='lat' dir='ltr'>quia</span> <span class='ocrx_word' id='word_1_272' title='bbox 1162 3365 1239 3436; x_wconf 85' lang='lat' dir='ltr'>haec</span> <span class='ocrx_word' id='word_1_273' title='bbox 1267 3361 1316 3436; x_wconf 83' lang='lat' dir='ltr'>&#39;est</span> <span class='ocrx_word' id='word_1_274' title='bbox 1344 3362 1521 3457; x_wconf 84' lang='lat' dir='ltr'>praecipua</span> <span class='ocrx_word' id='word_1_275' title='bbox 1542 3360 1751 3459; x_wconf 83' lang='lat' dir='ltr'>majorisque</span> 
     </span>
     <span class='ocr_line' id='line_1_32' title="bbox 381 3456 1751 3557; baseline 0.004 -28"><span class='ocrx_word' id='word_1_276' title='bbox 381 3470 495 3529; x_wconf 78' lang='lat' dir='ltr'>Statua:</span> <span class='ocrx_word' id='word_1_277' title='bbox 557 3512 585 3557; x_wconf 82' lang='lat'><strong>„</strong></span> <span class='ocrx_word' id='word_1_278' title='bbox 606 3457 772 3534; x_wconf 88' lang='lat' dir='ltr'>momenti</span> <span class='ocrx_word' id='word_1_279' title='bbox 806 3482 910 3553; x_wconf 86' lang='lat' dir='ltr'>quarn</span> <span class='ocrx_word' id='word_1_280' title='bbox 946 3481 1106 3532; x_wconf 84' lang='lat' dir='ltr'>caeterae:</span> <span class='ocrx_word' id='word_1_281' title='bbox 1144 3482 1264 3533; x_wconf 85' lang='lat' dir='ltr'>omnes</span> <span class='ocrx_word' id='word_1_282' title='bbox 1287 3462 1360 3530; x_wconf 91' lang='lat' dir='ltr'>nati</span> <span class='ocrx_word' id='word_1_283' title='bbox 1385 3456 1561 3533; x_wconf 83' lang='lat' dir='ltr'>succelfae:</span> <span class='ocrx_word' id='word_1_284' title='bbox 1587 3458 1751 3555; x_wconf 76' lang='lat' dir='ltr'>resque*</span> 
     </span>
     <span class='ocr_line' id='line_1_33' title="bbox 381 3542 1755 3654; baseline 0.006 -32"><span class='ocrx_word' id='word_1_285' title='bbox 381 3544 446 3622; x_wconf 74' lang='lat' dir='ltr'>1³⁰st</span> <span class='ocrx_word' id='word_1_286' title='bbox 463 3542 511 3605; x_wconf 75' lang='grc' dir='ltr'>Τὸ</span> <span class='ocrx_word' id='word_1_287' title='bbox 557 3608 584 3653; x_wconf 85' lang='lat'>„</span> <span class='ocrx_word' id='word_1_288' title='bbox 606 3554 777 3629; x_wconf 76' lang='lat' dir='ltr'>difiorum</span> <span class='ocrx_word' id='word_1_289' title='bbox 792 3554 995 3651; x_wconf 87' lang='lat' dir='ltr'>Principum</span> <span class='ocrx_word' id='word_1_290' title='bbox 1010 3559 1081 3651; x_wconf 85' lang='lat' dir='ltr'>jam</span> <span class='ocrx_word' id='word_1_291' title='bbox 1104 3557 1304 3654; x_wconf 83' lang='lat' dir='ltr'>conjugium</span> <span class='ocrx_word' id='word_1_292' title='bbox 1321 3557 1619 3639; x_wconf 88' lang='lat' dir='ltr'>contrabentium,</span> <span class='ocrx_word' id='word_1_293' title='bbox 1644 3558 1755 3652; x_wconf 88' lang='lat' dir='ltr'>pieta·</span> 
     </span>
     <span class='ocr_line' id='line_1_34' title="bbox 373 3640 1859 3781; baseline 0.001 -54"><span class='ocrx_word' id='word_1_294' title='bbox 373 3640 512 3781; x_wconf 54' lang='lat' dir='ltr'>ffiffij</span> <span class='ocrx_word' id='word_1_295' title='bbox 557 3706 584 3749; x_wconf 84' lang='lat'>,‚</span> <span class='ocrx_word' id='word_1_296' title='bbox 607 3676 696 3736; x_wconf 91' lang='lat' dir='ltr'>rem,</span> <span class='ocrx_word' id='word_1_297' title='bbox 721 3649 758 3722; x_wconf 70' lang='grc' dir='ltr'><strong>ἃ</strong></span> <span class='ocrx_word' id='word_1_298' title='bbox 777 3646 1021 3749; x_wconf 87' lang='lat' dir='ltr'>Religionem,</span> <span class='ocrx_word' id='word_1_299' title='bbox 1047 3674 1124 3747; x_wconf 83' lang='lat' dir='ltr'>quae</span> <span class='ocrx_word' id='word_1_300' title='bbox 1150 3653 1269 3726; x_wconf 91' lang='lat' dir='ltr'>inillis</span> <span class='ocrx_word' id='word_1_301' title='bbox 1289 3655 1420 3725; x_wconf 89' lang='lat' dir='ltr'>relucet</span> <span class='ocrx_word' id='word_1_302' title='bbox 1437 3653 1630 3739; x_wconf 86' lang='lat' dir='ltr'>imitantes,</span> <span class='ocrx_word' id='word_1_303' title='bbox 1655 3673 1755 3729; x_wconf 86' lang='lat' dir='ltr'>tene·</span> <span class='ocrx_word' id='word_1_304' title='bbox 1855 3723 1859 3744; x_wconf 83' lang='grc'>,</span> 
     </span>
     <span class='ocr_line' id='line_1_35' title="bbox 379 3746 1852 3859; baseline 0.001 -36"><span class='ocrx_word' id='word_1_305' title='bbox 379 3784 527 3859; x_wconf 65' lang='lat' dir='ltr'>ligneor-</span> <span class='ocrx_word' id='word_1_306' title='bbox 557 3748 736 3849; x_wconf 86' lang='lat' dir='ltr'>„buntur</span> <span class='ocrx_word' id='word_1_307' title='bbox 761 3750 898 3836; x_wconf 88' lang='lat' dir='ltr'>vivere,</span> <span class='ocrx_word' id='word_1_308' title='bbox 933 3750 971 3821; x_wconf 77' lang='grc' dir='ltr'>δι</span> <span class='ocrx_word' id='word_1_309' title='bbox 999 3750 1089 3820; x_wconf 88' lang='lat' dir='ltr'>mori</span> <span class='ocrx_word' id='word_1_310' title='bbox 1112 3749 1148 3820; x_wconf 94' lang='lat' dir='ltr'>in</span> <span class='ocrx_word' id='word_1_311' title='bbox 1174 3746 1423 3822; x_wconf 74' lang='lat' dir='ltr'>nostrlfanfial</span> <span class='ocrx_word' id='word_1_312' title='bbox 1442 3746 1512 3820; x_wconf 85' lang='lat' dir='ltr'>fide</span> <span class='ocrx_word' id='word_1_313' title='bbox 1540 3748 1753 3840; x_wconf 75' lang='lat' dir='ltr'>catholica,</span> <span class='ocrx_word' id='word_1_314' title='bbox 1849 3785 1852 3799; x_wconf 92' lang='lat'><em>·</em></span> 
     </span>
     <span class='ocr_line' id='line_1_36' title="bbox 383 3840 1756 3941; baseline 0 -24"><span class='ocrx_word' id='word_1_315' title='bbox 383 3864 519 3917; x_wconf 75' lang='lat' dir='ltr'>artiones.</span> <span class='ocrx_word' id='word_1_316' title='bbox 558 3898 585 3941; x_wconf 87' lang='lat'>‚‚</span> <span class='ocrx_word' id='word_1_317' title='bbox 608 3869 710 3941; x_wconf 89' lang='lat' dir='ltr'>quam</span> <span class='ocrx_word' id='word_1_318' title='bbox 728 3845 834 3931; x_wconf 87' lang='lat' dir='ltr'>colit,</span> <span class='ocrx_word' id='word_1_319' title='bbox 859 3844 1163 3939; x_wconf 75' lang='lat' dir='ltr'>docetquesanfla</span> <span class='ocrx_word' id='word_1_320' title='bbox 1182 3842 1338 3917; x_wconf 82' lang='lat' dir='ltr'>Ecclesra</span> <span class='ocrx_word' id='word_1_321' title='bbox 1363 3840 1533 3917; x_wconf 84' lang='lat' dir='ltr'>Romana.</span> <span class='ocrx_word' id='word_1_322' title='bbox 1580 3844 1680 3918; x_wconf 88' lang='lat' dir='ltr'>Tum</span> <span class='ocrx_word' id='word_1_323' title='bbox 1695 3871 1756 3920; x_wconf 88' lang='lat' dir='ltr'>an·</span> 
     </span>
     <span class='ocr_line' id='line_1_37' title="bbox 334 3936 1755 4037; baseline -0.001 -22"><span class='ocrx_word' id='word_1_324' title='bbox 334 3994 342 4001; x_wconf 85' lang='lat'><em>-</em></span> <span class='ocrx_word' id='word_1_325' title='bbox 382 3936 421 3996; x_wconf 71' lang='lat' dir='ltr'>El</span> <span class='ocrx_word' id='word_1_326' title='bbox 442 3936 503 3995; x_wconf 54' lang='lat'>5⁶⁵⁶</span> <span class='ocrx_word' id='word_1_327' title='bbox 555 3992 582 4037; x_wconf 88' lang='lat'>,‚</span> <span class='ocrx_word' id='word_1_328' title='bbox 604 3964 742 4035; x_wconf 88' lang='lat' dir='ltr'>tequam</span> <span class='ocrx_word' id='word_1_329' title='bbox 779 3940 1014 4036; x_wconf 84' lang='lat' dir='ltr'>polleffionem</span> <span class='ocrx_word' id='word_1_330' title='bbox 1035 3965 1155 4017; x_wconf 85' lang='lat' dir='ltr'>earum</span> <span class='ocrx_word' id='word_1_331' title='bbox 1188 3938 1450 4015; x_wconf 77' lang='lat' dir='ltr'>provinciarum</span> <span class='ocrx_word' id='word_1_332' title='bbox 1475 3943 1675 4033; x_wconf 88' lang='lat' dir='ltr'>acquirant,</span> <span class='ocrx_word' id='word_1_333' title='bbox 1699 3961 1755 4014; x_wconf 89' lang='lat' dir='ltr'>te-</span> 
     </span>
     <span class='ocr_line' id='line_1_38' title="bbox 382 4020 1756 4154; baseline 0 -43"><span class='ocrx_word' id='word_1_334' title='bbox 382 4020 494 4154; x_wconf 43' lang='lat' dir='ltr'>Ignes</span> <span class='ocrx_word' id='word_1_335' title='bbox 558 4088 585 4131; x_wconf 88' lang='lat'>„</span> <span class='ocrx_word' id='word_1_336' title='bbox 606 4040 778 4111; x_wconf 89' lang='lat' dir='ltr'>nebuntur</span> <span class='ocrx_word' id='word_1_337' title='bbox 802 4038 966 4133; x_wconf 89' lang='lat' dir='ltr'>praestare</span> <span class='ocrx_word' id='word_1_338' title='bbox 995 4039 1265 4135; x_wconf 81' lang='lat' dir='ltr'>jusjurandum,</span> <span class='ocrx_word' id='word_1_339' title='bbox 1300 4039 1393 4134; x_wconf 91' lang='lat' dir='ltr'>quod</span> <span class='ocrx_word' id='word_1_340' title='bbox 1428 4040 1608 4131; x_wconf 87' lang='lat' dir='ltr'>conoeptis</span> <span class='ocrx_word' id='word_1_341' title='bbox 1635 4038 1756 4111; x_wconf 82' lang='lat' dir='ltr'>verbis</span> 
     </span>
     <span class='ocr_line' id='line_1_39' title="bbox 381 4112 1755 4232; baseline -0.004 -19"><span class='ocrx_word' id='word_1_342' title='bbox 381 4112 516 4232; x_wconf 46' lang='lat' dir='ltr'>„affinga</span> <span class='ocrx_word' id='word_1_343' title='bbox 558 4186 585 4229; x_wconf 85' lang='lat'>,‚</span> <span class='ocrx_word' id='word_1_344' title='bbox 606 4134 697 4207; x_wconf 88' lang='lat' dir='ltr'>infra</span> <span class='ocrx_word' id='word_1_345' title='bbox 714 4132 923 4229; x_wconf 86' lang='lat' dir='ltr'>subjicietur.</span> <span class='ocrx_word' id='word_1_346' title='bbox 972 4133 1073 4206; x_wconf 76' lang='lat' dir='ltr'>lit-fi</span> <span class='ocrx_word' id='word_1_347' title='bbox 1104 4138 1285 4230; x_wconf 86' lang='lat' dir='ltr'>contingat</span> <span class='ocrx_word' id='word_1_348' title='bbox 1317 4131 1438 4229; x_wconf 92' lang='lat' dir='ltr'>(quod</span> <span class='ocrx_word' id='word_1_349' title='bbox 1468 4133 1568 4208; x_wconf 87' lang='lat' dir='ltr'>Deus</span> <span class='ocrx_word' id='word_1_350' title='bbox 1592 4140 1755 4221; x_wconf 88' lang='lat' dir='ltr'>averrat)</span> 
     </span>
     <span class='ocr_line' id='line_1_40' title="bbox 380 4227 1760 4326; baseline -0.006 -15"><span class='ocrx_word' id='word_1_351' title='bbox 380 4246 516 4311; x_wconf 76' lang='lat' dir='ltr'>cessores·</span> <span class='ocrx_word' id='word_1_352' title='bbox 558 4281 585 4324; x_wconf 86' lang='lat'>„</span> <span class='ocrx_word' id='word_1_353' title='bbox 607 4255 814 4323; x_wconf 89' lang='lat' dir='ltr'>quemquam</span> <span class='ocrx_word' id='word_1_354' title='bbox 835 4229 1006 4305; x_wconf 64' lang='lat' dir='ltr'>difiorurn</span> <span class='ocrx_word' id='word_1_355' title='bbox 1027 4228 1254 4305; x_wconf 84' lang='lat' dir='ltr'>succeiforum</span> <span class='ocrx_word' id='word_1_356' title='bbox 1275 4227 1458 4304; x_wconf 72' lang='lat' dir='ltr'>deflestere</span> <span class='ocrx_word' id='word_1_357' title='bbox 1484 4230 1510 4326; x_wconf 75' lang='lat' dir='ltr'>it</span> <span class='ocrx_word' id='word_1_358' title='bbox 1524 4230 1616 4303; x_wconf 72' lang='lat' dir='ltr'>uiua</span> <span class='ocrx_word' id='word_1_359' title='bbox 1642 4229 1760 4303; x_wconf 69' lang='lat' dir='ltr'>saneta</span> 
     </span>
     <span class='ocr_line' id='line_1_41' title="bbox 336 4324 1762 4423; baseline -0.004 -18"><span class='ocrx_word' id='word_1_360' title='bbox 336 4394 341 4405; x_wconf 93' lang='lat'><em>.</em></span> <span class='ocrx_word' id='word_1_361' title='bbox 380 4348 437 4406; x_wconf 73' lang='lat' dir='ltr'>que</span> <span class='ocrx_word' id='word_1_362' title='bbox 451 4332 492 4387; x_wconf 75' lang='lat' dir='ltr'>di·</span> <span class='ocrx_word' id='word_1_363' title='bbox 559 4378 586 4422; x_wconf 79' lang='lat'>‚‚</span> <span class='ocrx_word' id='word_1_364' title='bbox 609 4326 679 4399; x_wconf 89' lang='lat' dir='ltr'>lide</span> <span class='ocrx_word' id='word_1_365' title='bbox 690 4329 742 4410; x_wconf 87' lang='lat' dir='ltr'>,in</span> <span class='ocrx_word' id='word_1_366' title='bbox 756 4330 975 4423; x_wconf 88' lang='lat' dir='ltr'>aliquamque</span> <span class='ocrx_word' id='word_1_367' title='bbox 992 4327 1150 4401; x_wconf 82' lang='lat' dir='ltr'>baerefrm</span> <span class='ocrx_word' id='word_1_368' title='bbox 1167 4329 1253 4414; x_wconf 91' lang='lat' dir='ltr'>labi,</span> <span class='ocrx_word' id='word_1_369' title='bbox 1263 4324 1633 4421; x_wconf 73' lang='lat' dir='ltr'>posteaquamfanflns</span> <span class='ocrx_word' id='word_1_370' title='bbox 1644 4325 1762 4401; x_wconf 88' lang='lat' dir='ltr'>noster</span> 
     </span>
     <span class='ocr_line' id='line_1_42' title="bbox 380 4410 1764 4546; baseline -0.001 -49"><span class='ocrx_word' id='word_1_371' title='bbox 380 4410 492 4546; x_wconf 37' lang='lat'><strong>3⁰¹¹&amp;</strong></span> <span class='ocrx_word' id='word_1_372' title='bbox 558 4476 585 4518; x_wconf 85' lang='lat'>‚‚</span> <span class='ocrx_word' id='word_1_373' title='bbox 608 4420 771 4497; x_wconf 83' lang='lat' dir='ltr'>Pontifex</span> <span class='ocrx_word' id='word_1_374' title='bbox 790 4424 886 4497; x_wconf 92' lang='lat' dir='ltr'>illum</span> <span class='ocrx_word' id='word_1_375' title='bbox 905 4425 1108 4497; x_wconf 86' lang='lat' dir='ltr'>haereticum</span> <span class='ocrx_word' id='word_1_376' title='bbox 1127 4422 1194 4496; x_wconf 84' lang='lat' dir='ltr'>elle</span> <span class='ocrx_word' id='word_1_377' title='bbox 1214 4424 1465 4505; x_wconf 87' lang='lat' dir='ltr'>declaraverit,</span> <span class='ocrx_word' id='word_1_378' title='bbox 1491 4423 1687 4518; x_wconf 88' lang='lat' dir='ltr'>privabitur</span> <span class='ocrx_word' id='word_1_379' title='bbox 1702 4425 1764 4495; x_wconf 91' lang='lat' dir='ltr'>ad·</span> 
     </span>
     <span class='ocr_line' id='line_1_43' title="bbox 379 4504 1766 4636; baseline -0.006 -38"><span class='ocrx_word' id='word_1_380' title='bbox 379 4504 527 4636; x_wconf 47' lang='lat' dir='ltr'>pfflc·</span> <span class='ocrx_word' id='word_1_381' title='bbox 556 4570 584 4619; x_wconf 85' lang='lat'><em>„</em></span> <span class='ocrx_word' id='word_1_382' title='bbox 606 4520 880 4613; x_wconf 86' lang='lat' dir='ltr'>ministratione,</span> <span class='ocrx_word' id='word_1_383' title='bbox 905 4520 1128 4619; x_wconf 85' lang='lat' dir='ltr'>polfeffione,</span> <span class='ocrx_word' id='word_1_384' title='bbox 1155 4544 1197 4595; x_wconf 86' lang='lat' dir='ltr'>ac</span> <span class='ocrx_word' id='word_1_385' title='bbox 1226 4520 1400 4595; x_wconf 88' lang='lat' dir='ltr'>Dominio</span> <span class='ocrx_word' id='word_1_386' title='bbox 1425 4512 1596 4596; x_wconf 73' lang='lat' dir='ltr'>didlarum</span> <span class='ocrx_word' id='word_1_387' title='bbox 1616 4516 1766 4592; x_wconf 88' lang='lat' dir='ltr'>Provin-</span> 
     </span>
    </p>
   </div>
   <div class='ocr_carea' id='block_1_5' title="bbox 1556 4618 1761 4711">
    <p class='ocr_par' dir='ltr' id='par_1_5' title="bbox 1556 4618 1761 4711">
     <span class='ocr_line' id='line_1_44' title="bbox 1556 4618 1761 4711; baseline -0.029 -1"><span class='ocrx_word' id='word_1_388' title='bbox 1556 4664 1585 4711; x_wconf 75' lang='grc' dir='ltr'><strong><em>υ</em></strong></span> <span class='ocrx_word' id='word_1_389' title='bbox 1608 4618 1761 4704; x_wconf 61' lang='lat' dir='ltr'>damme</span> 
     </span>
    </p>
   </div>
   <div class='ocr_carea' id='block_1_6' title="bbox 0 0 1997 5167">
    <p class='ocr_par' dir='ltr' id='par_1_6' title="bbox 0 0 1997 5167">
     <span class='ocr_line' id='line_1_45' title="bbox 0 0 1997 5167; baseline 0 0"><span class='ocrx_word' id='word_1_390' title='bbox 0 0 1997 5167; x_wconf 95' lang='lat' dir='ltr'> </span> 
     </span>
    </p>
   </div>
  </div>
 </body>
</html>
