<?xml version="1.0" encoding="UTF-8"?>
<!DOCTYPE html PUBLIC "-//W3C//DTD XHTML 1.0 Transitional//EN"
    "http://www.w3.org/TR/xhtml1/DTD/xhtml1-transitional.dtd">
<html xmlns="http://www.w3.org/1999/xhtml" xml:lang="en" lang="en">
 <head>
  <title>
</title>
<meta http-equiv="Content-Type" content="text/html;charset=utf-8" />
  <meta name='ocr-system' content='tesseract 3.04.00' />
  <meta name='ocr-capabilities' content='ocr_page ocr_carea ocr_par ocr_line ocrx_word'/>
</head>
<body>
  <div class='ocr_page' id='page_1' title='image "./vitavigliiabayt00papegoog_0155.png"; bbox 0 0 3984 5167; ppageno 0'>
   <div class='ocr_carea' id='block_1_1' title="bbox 350 1089 1595 1191">
    <p class='ocr_par' dir='ltr' id='par_1_1' title="bbox 350 1089 1595 1191">
     <span class='ocr_line' id='line_1_1' title="bbox 350 1089 1595 1191; baseline -0.006 -21"><span class='ocrx_word' id='word_1_1' title='bbox 350 1094 358 1103; x_wconf 85' lang='grc'><strong>’</strong></span> <span class='ocrx_word' id='word_1_2' title='bbox 490 1144 496 1159; x_wconf 65' lang='lat'>=</span> <span class='ocrx_word' id='word_1_3' title='bbox 521 1100 579 1169; x_wconf 82' lang='lat' dir='ltr'>vis</span> <span class='ocrx_word' id='word_1_4' title='bbox 595 1097 772 1191; x_wconf 78' lang='lat' dir='ltr'>Legatos,</span> <span class='ocrx_word' id='word_1_5' title='bbox 795 1090 1070 1191; x_wconf 87' lang='lat' dir='ltr'>quibuscumque</span> <span class='ocrx_word' id='word_1_6' title='bbox 1091 1089 1204 1186; x_wconf 80' lang='lat' dir='ltr'>poiiet</span> <span class='ocrx_word' id='word_1_7' title='bbox 1218 1089 1354 1174; x_wconf 78' lang='lat' dir='ltr'>modio,</span> <span class='ocrx_word' id='word_1_8' title='bbox 1378 1092 1471 1162; x_wconf 87' lang='lat' dir='ltr'>illam</span> <span class='ocrx_word' id='word_1_9' title='bbox 1497 1092 1541 1163; x_wconf 91' lang='lat' dir='ltr'>ab</span> <span class='ocrx_word' id='word_1_10' title='bbox 1562 1094 1595 1163; x_wconf 89' lang='lat' dir='ltr'>iu</span> 
     </span>
    </p>
   </div>
   <div class='ocr_carea' id='block_1_2' title="bbox 517 410 1584 541">
    <p class='ocr_par' dir='ltr' id='par_1_2' title="bbox 517 410 1584 541">
     <span class='ocr_line' id='line_1_2' title="bbox 517 410 1584 541; baseline -0.008 -28"><span class='ocrx_word' id='word_1_11' title='bbox 517 428 598 541; x_wconf 85' lang='lat'>146</span> <span class='ocrx_word' id='word_1_12' title='bbox 653 425 690 535; x_wconf 86' lang='lat' dir='ltr'>J.</span> <span class='ocrx_word' id='word_1_13' title='bbox 718 422 767 515; x_wconf 83' lang='lat' dir='ltr'>u.</span> <span class='ocrx_word' id='word_1_14' title='bbox 795 444 868 511; x_wconf 65' lang='lat' dir='ltr'>nn</span> <span class='ocrx_word' id='word_1_15' title='bbox 896 410 1149 513; x_wconf 78' lang='lat' dir='ltr'>russts</span> <span class='ocrx_word' id='word_1_16' title='bbox 1191 410 1584 511; x_wconf 66' lang='lat' dir='ltr'>commutor.</span> 
     </span>
    </p>
   </div>
   <div class='ocr_carea' id='block_1_3' title="bbox 513 584 1910 710">
    <p class='ocr_par' dir='ltr' id='par_1_3' title="bbox 513 584 1910 710">
     <span class='ocr_line' id='line_1_3' title="bbox 513 584 1910 710; baseline -0.021 -15"><span class='ocrx_word' id='word_1_17' title='bbox 513 621 577 701; x_wconf 75' lang='lat' dir='ltr'>rit,</span> <span class='ocrx_word' id='word_1_18' title='bbox 601 640 645 690; x_wconf 89' lang='lat' dir='ltr'>eo</span> <span class='ocrx_word' id='word_1_19' title='bbox 659 584 1014 710; x_wconf 67' lang='lat' dir='ltr'>justitiaeuraetertu,</span> <span class='ocrx_word' id='word_1_20' title='bbox 1039 610 1136 706; x_wconf 88' lang='lat' dir='ltr'>quod</span> <span class='ocrx_word' id='word_1_21' title='bbox 1165 605 1531 702; x_wconf 78' lang='lat' dir='ltr'>liceret-principibus</span> <span class='ocrx_word' id='word_1_22' title='bbox 1549 632 1629 683; x_wconf 83' lang='lat' dir='ltr'>curn</span> <span class='ocrx_word' id='word_1_23' title='bbox 1652 632 1716 705; x_wconf 74' lang='lat' dir='ltr'>pu.</span> <span class='ocrx_word' id='word_1_24' title='bbox 1779 628 1791 641; x_wconf 60' lang='lat'><em>⁶</em></span> <span class='ocrx_word' id='word_1_25' title='bbox 1909 644 1910 703; x_wconf 74' lang='lat'>1</span> 
     </span>
    </p>
   </div>
   <div class='ocr_carea' id='block_1_4' title="bbox 1879 652 1885 674">
    <p class='ocr_par' dir='ltr' id='par_1_4' title="bbox 1879 636 1910 1013">
     <span class='ocr_line' id='line_1_4' title="bbox 1879 652 1885 674; baseline 0 339"><span class='ocrx_word' id='word_1_26' title='bbox 1879 652 1885 674; x_wconf 81' lang='grc'><em>’</em></span> 
     </span>
    </p>
   </div>
   <div class='ocr_carea' id='block_1_5' title="bbox 454 698 1750 4369">
    <p class='ocr_par' dir='ltr' id='par_1_5' title="bbox 454 698 1750 2723">
     <span class='ocr_line' id='line_1_5' title="bbox 514 698 1722 808; baseline -0.008 -17"><span class='ocrx_word' id='word_1_27' title='bbox 514 717 608 791; x_wconf 86' lang='lat' dir='ltr'>biicu</span> <span class='ocrx_word' id='word_1_28' title='bbox 623 713 740 808; x_wconf 82' lang='lat' dir='ltr'><strong>Regni</strong></span> <span class='ocrx_word' id='word_1_29' title='bbox 757 710 931 783; x_wconf 86' lang='lat' dir='ltr'>ueceffitas</span> <span class='ocrx_word' id='word_1_30' title='bbox 946 705 1141 803; x_wconf 83' lang='lat' dir='ltr'>flagitaret,</span> <span class='ocrx_word' id='word_1_31' title='bbox 1159 702 1413 800; x_wconf 86' lang='lat' dir='ltr'><strong>quoquomodo</strong></span> <span class='ocrx_word' id='word_1_32' title='bbox 1435 698 1497 777; x_wconf 85' lang='lat' dir='ltr'>fibi</span> <span class='ocrx_word' id='word_1_33' title='bbox 1514 706 1722 799; x_wconf 78' lang='lat' dir='ltr'>providere.</span> 
     </span>
     <span class='ocr_line' id='line_1_6' title="bbox 480 795 1716 903; baseline -0.01 -19"><span class='ocrx_word' id='word_1_34' title='bbox 480 816 485 824; x_wconf 85' lang='grc'><strong>’</strong></span> <span class='ocrx_word' id='word_1_35' title='bbox 518 810 710 883; x_wconf 87' lang='lat' dir='ltr'>dummodo</span> <span class='ocrx_word' id='word_1_36' title='bbox 730 807 970 903; x_wconf 76' lang='lat' dir='ltr'><strong>proprietariis</strong></span> <span class='ocrx_word' id='word_1_37' title='bbox 994 806 1113 898; x_wconf 83' lang='lat' dir='ltr'>(quor</span> <span class='ocrx_word' id='word_1_38' title='bbox 1130 800 1269 875; x_wconf 84' lang='lat' dir='ltr'>dicebat</span> <span class='ocrx_word' id='word_1_39' title='bbox 1289 824 1361 873; x_wconf 86' lang='lat' dir='ltr'>non</span> <span class='ocrx_word' id='word_1_40' title='bbox 1375 795 1555 895; x_wconf 83' lang='lat' dir='ltr'>ilispaniae</span> <span class='ocrx_word' id='word_1_41' title='bbox 1570 800 1716 898; x_wconf 81' lang='lat' dir='ltr'>Regem,</span> 
     </span>
     <span class='ocr_line' id='line_1_7' title="bbox 519 898 1719 996; baseline -0.003 -17"><span class='ocrx_word' id='word_1_42' title='bbox 519 904 580 979; x_wconf 86' lang='lat' dir='ltr'>sed</span> <span class='ocrx_word' id='word_1_43' title='bbox 595 905 813 979; x_wconf 82' lang='lat' dir='ltr'>Mercatoreu</span> <span class='ocrx_word' id='word_1_44' title='bbox 832 900 926 996; x_wconf 85' lang='lat' dir='ltr'>effe)</span> <span class='ocrx_word' id='word_1_45' title='bbox 950 901 1164 995; x_wconf 85' lang='lat' dir='ltr'>inposterum</span> <span class='ocrx_word' id='word_1_46' title='bbox 1194 900 1344 991; x_wconf 85' lang='lat' dir='ltr'>pecunia</span> <span class='ocrx_word' id='word_1_47' title='bbox 1365 898 1568 975; x_wconf 81' lang='lat' dir='ltr'>redderetur</span> <span class='ocrx_word' id='word_1_48' title='bbox 1579 924 1591 983; x_wconf 88' lang='lat'>;</span> <span class='ocrx_word' id='word_1_49' title='bbox 1620 901 1719 993; x_wconf 88' lang='lat' dir='ltr'>quod</span> 
     </span>
     <span class='ocr_line' id='line_1_8' title="bbox 520 992 1719 1161; baseline -0.008 -84"><span class='ocrx_word' id='word_1_50' title='bbox 520 1023 620 1077; x_wconf 83' lang='lat' dir='ltr'>certo</span> <span class='ocrx_word' id='word_1_51' title='bbox 636 1000 792 1075; x_wconf 86' lang='lat' dir='ltr'>futurum</span> <span class='ocrx_word' id='word_1_52' title='bbox 810 998 1061 1094; x_wconf 70' lang='lat' dir='ltr'>promittebatr</span> <span class='ocrx_word' id='word_1_53' title='bbox 1081 998 1188 1089; x_wconf 83' lang='lat' dir='ltr'>idque</span> <span class='ocrx_word' id='word_1_54' title='bbox 1210 1013 1278 1065; x_wconf 85' lang='lat' dir='ltr'>tam</span> <span class='ocrx_word' id='word_1_55' title='bbox 1296 992 1519 1079; x_wconf 86' lang='lat' dir='ltr'>constanter,</span> <span class='ocrx_word' id='word_1_56' title='bbox 1543 1014 1584 1067; x_wconf 87' lang='lat' dir='ltr'>ut</span> <span class='ocrx_word' id='word_1_57' title='bbox 1597 1018 1719 1161; x_wconf 57' lang='lat' dir='ltr'>fluam-</span> 
     </span>
     <span class='ocr_line' id='line_1_9' title="bbox 1628 1109 1720 1167; baseline 0.043 -4"><span class='ocrx_word' id='word_1_58' title='bbox 1628 1109 1720 1167; x_wconf 85' lang='lat' dir='ltr'>rtuto</span> 
     </span>
     <span class='ocr_line' id='line_1_10' title="bbox 523 1183 1720 1281; baseline -0.001 -16"><span class='ocrx_word' id='word_1_59' title='bbox 523 1196 701 1267; x_wconf 81' lang='lat' dir='ltr'>retrahere</span> <span class='ocrx_word' id='word_1_60' title='bbox 723 1210 891 1280; x_wconf 84' lang='lat' dir='ltr'>tentarer,</span> <span class='ocrx_word' id='word_1_61' title='bbox 903 1188 989 1261; x_wconf 85' lang='lat' dir='ltr'>nihii</span> <span class='ocrx_word' id='word_1_62' title='bbox 1009 1185 1072 1259; x_wconf 85' lang='lat' dir='ltr'>nist</span> <span class='ocrx_word' id='word_1_63' title='bbox 1088 1184 1258 1281; x_wconf 81' lang='lat' dir='ltr'>repulsam</span> <span class='ocrx_word' id='word_1_64' title='bbox 1280 1183 1441 1279; x_wconf 81' lang='lat' dir='ltr'>speciofiu</span> <span class='ocrx_word' id='word_1_65' title='bbox 1465 1185 1585 1259; x_wconf 83' lang='lat' dir='ltr'>sultam</span> <span class='ocrx_word' id='word_1_66' title='bbox 1605 1190 1720 1265; x_wconf 75' lang='lat' dir='ltr'>verbis</span> 
     </span>
     <span class='ocr_line' id='line_1_11' title="bbox 523 1282 1721 1385; baseline -0.004 -22"><span class='ocrx_word' id='word_1_67' title='bbox 523 1287 669 1383; x_wconf 82' lang='lat' dir='ltr'>adipisci</span> <span class='ocrx_word' id='word_1_68' title='bbox 693 1285 861 1385; x_wconf 85' lang='lat' dir='ltr'>potuerit,</span> <span class='ocrx_word' id='word_1_69' title='bbox 910 1284 985 1357; x_wconf 83' lang='lat' dir='ltr'>Scri</span> <span class='ocrx_word' id='word_1_70' title='bbox 1014 1282 1056 1357; x_wconf 89' lang='lat' dir='ltr'>srt</span> <span class='ocrx_word' id='word_1_71' title='bbox 1077 1286 1194 1376; x_wconf 86' lang='lat' dir='ltr'>itaque</span> <span class='ocrx_word' id='word_1_72' title='bbox 1223 1283 1378 1383; x_wconf 75' lang='lat' dir='ltr'>Adiuro,</span> <span class='ocrx_word' id='word_1_73' title='bbox 1401 1302 1442 1355; x_wconf 90' lang='lat' dir='ltr'>ut</span> <span class='ocrx_word' id='word_1_74' title='bbox 1470 1283 1630 1379; x_wconf 87' lang='lat' dir='ltr'>injuriam</span> <span class='ocrx_word' id='word_1_75' title='bbox 1641 1332 1653 1369; x_wconf 90' lang='lat'>,</span> <span class='ocrx_word' id='word_1_76' title='bbox 1677 1308 1721 1359; x_wconf 86' lang='lat' dir='ltr'>ac</span> 
     </span>
     <span class='ocr_line' id='line_1_12' title="bbox 523 1374 1720 1478; baseline -0.002 -21"><span class='ocrx_word' id='word_1_77' title='bbox 523 1385 711 1470; x_wconf 86' lang='lat' dir='ltr'>damnum,</span> <span class='ocrx_word' id='word_1_78' title='bbox 736 1386 893 1478; x_wconf 80' lang='lat' dir='ltr'>aliaque</span> <span class='ocrx_word' id='word_1_79' title='bbox 916 1403 965 1475; x_wconf 91' lang='lat' dir='ltr'>po</span> <span class='ocrx_word' id='word_1_80' title='bbox 993 1399 1029 1455; x_wconf 86' lang='lat' dir='ltr'>et</span> <span class='ocrx_word' id='word_1_81' title='bbox 1046 1380 1128 1465; x_wconf 74' lang='lat' dir='ltr'><strong>vii,</strong></span> <span class='ocrx_word' id='word_1_82' title='bbox 1155 1374 1316 1450; x_wconf 81' lang='lat' dir='ltr'>resarcire</span> <span class='ocrx_word' id='word_1_83' title='bbox 1344 1399 1491 1451; x_wconf 83' lang='lat' dir='ltr'>curaret.</span> <span class='ocrx_word' id='word_1_84' title='bbox 1541 1380 1605 1453; x_wconf 88' lang='lat' dir='ltr'>lile</span> <span class='ocrx_word' id='word_1_85' title='bbox 1631 1384 1720 1455; x_wconf 89' lang='lat' dir='ltr'>verd</span> 
     </span>
     <span class='ocr_line' id='line_1_13' title="bbox 523 1473 1722 1575; baseline -0.003 -20"><span class='ocrx_word' id='word_1_86' title='bbox 523 1483 649 1557; x_wconf 76' lang='lat' dir='ltr'>merito</span> <span class='ocrx_word' id='word_1_87' title='bbox 666 1483 865 1575; x_wconf 82' lang='lat' dir='ltr'>indignatus</span> <span class='ocrx_word' id='word_1_88' title='bbox 875 1529 886 1566; x_wconf 92' lang='lat'><strong><em>‚</em></strong></span> <span class='ocrx_word' id='word_1_89' title='bbox 912 1477 934 1561; x_wconf 77' lang='grc' dir='ltr'><strong>ὲ</strong></span> <span class='ocrx_word' id='word_1_90' title='bbox 954 1473 1112 1569; x_wconf 84' lang='lat' dir='ltr'>vestigio</span> <span class='ocrx_word' id='word_1_91' title='bbox 1122 1476 1238 1548; x_wconf 85' lang='lat' dir='ltr'>omnia</span> <span class='ocrx_word' id='word_1_92' title='bbox 1249 1474 1443 1567; x_wconf 82' lang='lat' dir='ltr'>Anglotum</span> <span class='ocrx_word' id='word_1_93' title='bbox 1458 1474 1554 1549; x_wconf 88' lang='lat' dir='ltr'>bona</span> <span class='ocrx_word' id='word_1_94' title='bbox 1571 1476 1722 1551; x_wconf 87' lang='lat' dir='ltr'>Antvet·</span> 
     </span>
     <span class='ocr_line' id='line_1_14' title="bbox 454 1569 1723 1675; baseline -0.001 -25"><span class='ocrx_word' id='word_1_95' title='bbox 454 1570 460 1578; x_wconf 85' lang='grc'>’</span> <span class='ocrx_word' id='word_1_96' title='bbox 521 1580 611 1675; x_wconf 82' lang='lat' dir='ltr'><strong>piae,</strong></span> <span class='ocrx_word' id='word_1_97' title='bbox 635 1600 679 1651; x_wconf 90' lang='lat' dir='ltr'>uc</span> <span class='ocrx_word' id='word_1_98' title='bbox 696 1578 785 1659; x_wconf 69' lang='lat' dir='ltr'>,alibi</span> <span class='ocrx_word' id='word_1_99' title='bbox 808 1570 925 1671; x_wconf 81' lang='lat' dir='ltr'>paffim</span> <span class='ocrx_word' id='word_1_100' title='bbox 951 1593 1016 1667; x_wconf 87' lang='lat' dir='ltr'>per</span> <span class='ocrx_word' id='word_1_101' title='bbox 1040 1570 1158 1645; x_wconf 84' lang='lat' dir='ltr'>fiscum</span> <span class='ocrx_word' id='word_1_102' title='bbox 1177 1574 1336 1644; x_wconf 86' lang='lat' dir='ltr'>annotari</span> <span class='ocrx_word' id='word_1_103' title='bbox 1346 1569 1454 1666; x_wconf 86' lang='lat' dir='ltr'>juffit,</span> <span class='ocrx_word' id='word_1_104' title='bbox 1479 1575 1575 1667; x_wconf 91' lang='lat' dir='ltr'>quod</span> <span class='ocrx_word' id='word_1_105' title='bbox 1598 1576 1662 1643; x_wconf 83' lang='lat' dir='ltr'>vix</span> <span class='ocrx_word' id='word_1_106' title='bbox 1685 1576 1723 1649; x_wconf 87' lang='lat' dir='ltr'>iu</span> 
     </span>
     <span class='ocr_line' id='line_1_15' title="bbox 521 1665 1724 1768; baseline -0.003 -22"><span class='ocrx_word' id='word_1_107' title='bbox 521 1672 652 1768; x_wconf 72' lang='lat' dir='ltr'><strong>Anglii</strong></span> <span class='ocrx_word' id='word_1_108' title='bbox 666 1671 847 1758; x_wconf 84' lang='lat' dir='ltr'>rescitum,</span> <span class='ocrx_word' id='word_1_109' title='bbox 871 1674 955 1742; x_wconf 84' lang='lat' dir='ltr'>crim</span> <span class='ocrx_word' id='word_1_110' title='bbox 973 1668 1023 1741; x_wconf 88' lang='lat' dir='ltr'>ibi</span> <span class='ocrx_word' id='word_1_111' title='bbox 1044 1670 1138 1742; x_wconf 84' lang='lat' dir='ltr'>idern</span> <span class='ocrx_word' id='word_1_112' title='bbox 1151 1670 1189 1739; x_wconf 87' lang='lat' dir='ltr'>in</span> <span class='ocrx_word' id='word_1_113' title='bbox 1202 1668 1445 1754; x_wconf 79' lang='lat' dir='ltr'>horraeorum,</span> <span class='ocrx_word' id='word_1_114' title='bbox 1458 1672 1522 1763; x_wconf 91' lang='lat' dir='ltr'>qui</span> <span class='ocrx_word' id='word_1_115' title='bbox 1538 1665 1724 1763; x_wconf 82' lang='lat' dir='ltr'>RegirHi·</span> 
     </span>
     <span class='ocr_line' id='line_1_16' title="bbox 522 1761 1720 1865; baseline -0.002 -24"><span class='ocrx_word' id='word_1_116' title='bbox 522 1763 653 1865; x_wconf 79' lang='lat' dir='ltr'>spauiae</span> <span class='ocrx_word' id='word_1_117' title='bbox 674 1767 806 1841; x_wconf 90' lang='lat' dir='ltr'>subditi</span> <span class='ocrx_word' id='word_1_118' title='bbox 832 1786 951 1847; x_wconf 87' lang='lat' dir='ltr'>eraut,</span> <span class='ocrx_word' id='word_1_119' title='bbox 975 1761 1106 1837; x_wconf 75' lang='lat' dir='ltr'>sudium</span> <span class='ocrx_word' id='word_1_120' title='bbox 1133 1764 1210 1837; x_wconf 87' lang='lat' dir='ltr'>est:</span> <span class='ocrx_word' id='word_1_121' title='bbox 1236 1786 1310 1859; x_wconf 87' lang='lat' dir='ltr'>quo</span> <span class='ocrx_word' id='word_1_122' title='bbox 1335 1766 1512 1861; x_wconf 90' lang='lat' dir='ltr'>principio</span> <span class='ocrx_word' id='word_1_123' title='bbox 1528 1764 1658 1839; x_wconf 87' lang='lat' dir='ltr'>inimici</span> <span class='ocrx_word' id='word_1_124' title='bbox 1677 1788 1720 1839; x_wconf 87' lang='lat' dir='ltr'>ac</span> 
     </span>
     <span class='ocr_line' id='line_1_17' title="bbox 521 1861 1722 1957; baseline 0 -20"><span class='ocrx_word' id='word_1_125' title='bbox 521 1864 656 1937; x_wconf 85' lang='lat' dir='ltr'>hostilis</span> <span class='ocrx_word' id='word_1_126' title='bbox 673 1864 779 1937; x_wconf 81' lang='lat' dir='ltr'>animi</span> <span class='ocrx_word' id='word_1_127' title='bbox 793 1863 830 1933; x_wconf 87' lang='lat' dir='ltr'>in</span> <span class='ocrx_word' id='word_1_128' title='bbox 846 1865 993 1954; x_wconf 74' lang='lat' dir='ltr'>longum</span> <span class='ocrx_word' id='word_1_129' title='bbox 1011 1864 1143 1947; x_wconf 62' lang='lat' dir='ltr'>trado,</span> <span class='ocrx_word' id='word_1_130' title='bbox 1168 1882 1288 1933; x_wconf 89' lang='lat' dir='ltr'>mutua</span> <span class='ocrx_word' id='word_1_131' title='bbox 1305 1861 1386 1932; x_wconf 89' lang='lat' dir='ltr'>hinc</span> <span class='ocrx_word' id='word_1_132' title='bbox 1403 1862 1485 1933; x_wconf 89' lang='lat' dir='ltr'>inde</span> <span class='ocrx_word' id='word_1_133' title='bbox 1502 1866 1722 1957; x_wconf 83' lang='lat' dir='ltr'>promulgata</span> 
     </span>
     <span class='ocr_line' id='line_1_18' title="bbox 521 1957 1722 2053; baseline 0 -21"><span class='ocrx_word' id='word_1_134' title='bbox 521 1958 620 2035; x_wconf 81' lang='lat' dir='ltr'>fuere</span> <span class='ocrx_word' id='word_1_135' title='bbox 638 1960 770 2043; x_wconf 71' lang='lat' dir='ltr'>edera,</span> <span class='ocrx_word' id='word_1_136' title='bbox 795 1981 875 2052; x_wconf 88' lang='lat' dir='ltr'>quae</span> <span class='ocrx_word' id='word_1_137' title='bbox 893 1959 1005 2031; x_wconf 79' lang='lat' dir='ltr'>multo</span> <span class='ocrx_word' id='word_1_138' title='bbox 1022 1960 1102 2053; x_wconf 84' lang='lat' dir='ltr'>plus</span> <span class='ocrx_word' id='word_1_139' title='bbox 1118 1958 1353 2042; x_wconf 86' lang='lat' dir='ltr'><strong>incommodi,</strong></span> <span class='ocrx_word' id='word_1_140' title='bbox 1380 1978 1420 2027; x_wconf 87' lang='lat' dir='ltr'>ac</span> <span class='ocrx_word' id='word_1_141' title='bbox 1436 1959 1634 2031; x_wconf 84' lang='lat' dir='ltr'>detrimenti</span> <span class='ocrx_word' id='word_1_142' title='bbox 1655 1957 1722 2032; x_wconf 90' lang='lat' dir='ltr'>Hi-</span> 
     </span>
     <span class='ocr_line' id='line_1_19' title="bbox 521 2052 1724 2151; baseline 0 -22"><span class='ocrx_word' id='word_1_143' title='bbox 521 2056 664 2151; x_wconf 79' lang='lat' dir='ltr'>spuuioo</span> <span class='ocrx_word' id='word_1_144' title='bbox 683 2055 837 2150; x_wconf 88' lang='lat' dir='ltr'>Imperio</span> <span class='ocrx_word' id='word_1_145' title='bbox 852 2053 1014 2138; x_wconf 83' lang='lat' dir='ltr'>subditis,</span> <span class='ocrx_word' id='word_1_146' title='bbox 1031 2052 1137 2147; x_wconf 74' lang='lat' dir='ltr'>quim</span> <span class='ocrx_word' id='word_1_147' title='bbox 1155 2052 1279 2146; x_wconf 81' lang='lat' dir='ltr'><strong>Angiis</strong></span> <span class='ocrx_word' id='word_1_148' title='bbox 1295 2054 1463 2142; x_wconf 73' lang='lat' dir='ltr'>attulere,</span> <span class='ocrx_word' id='word_1_149' title='bbox 1481 2052 1560 2126; x_wconf 84' lang='lat' dir='ltr'>edm</span> <span class='ocrx_word' id='word_1_150' title='bbox 1580 2055 1628 2127; x_wconf 94' lang='lat' dir='ltr'>ob</span> <span class='ocrx_word' id='word_1_151' title='bbox 1652 2076 1724 2129; x_wconf 85' lang='lat' dir='ltr'>am·</span> 
     </span>
     <span class='ocr_line' id='line_1_20' title="bbox 522 2146 1721 2341; baseline 0 -22"><span class='ocrx_word' id='word_1_152' title='bbox 522 2146 1721 2341; x_wconf 48' lang='lat' dir='ltr'>{iuditiariiidiiiiiddediuiiispuiiis&#39;iui</span> 
     </span>
     <span class='ocr_line' id='line_1_21' title="bbox 854 2296 1598 2333; baseline 0.004 -3"><span class='ocrx_word' id='word_1_153' title='bbox 854 2296 865 2330; x_wconf 77' lang='lat'>9</span> <span class='ocrx_word' id='word_1_154' title='bbox 1589 2301 1598 2333; x_wconf 61' lang='grc' dir='ltr'><strong><em>ἲ</em></strong></span> 
     </span>
     <span class='ocr_line' id='line_1_22' title="bbox 522 2336 1750 2437; baseline 0 -22"><span class='ocrx_word' id='word_1_155' title='bbox 522 2342 740 2437; x_wconf 77' lang='lat' dir='ltr'>Augiorum,</span> <span class='ocrx_word' id='word_1_156' title='bbox 765 2363 913 2435; x_wconf 91' lang='lat' dir='ltr'>quorum</span> <span class='ocrx_word' id='word_1_157' title='bbox 933 2363 1008 2423; x_wconf 78' lang='lat' dir='ltr'>rea,</span> <span class='ocrx_word' id='word_1_158' title='bbox 1033 2364 1154 2414; x_wconf 75' lang='lat' dir='ltr'>revere</span> <span class='ocrx_word' id='word_1_159' title='bbox 1174 2360 1245 2413; x_wconf 85' lang='lat' dir='ltr'>uon</span> <span class='ocrx_word' id='word_1_160' title='bbox 1261 2343 1310 2413; x_wconf 91' lang='lat' dir='ltr'>ita</span> <span class='ocrx_word' id='word_1_161' title='bbox 1329 2338 1421 2424; x_wconf 76' lang='lat' dir='ltr'>laud,</span> <span class='ocrx_word' id='word_1_162' title='bbox 1445 2340 1503 2413; x_wconf 87' lang='lat' dir='ltr'>sed</span> <span class='ocrx_word' id='word_1_163' title='bbox 1537 2344 1638 2415; x_wconf 83' lang='lat' dir='ltr'>maris</span> <span class='ocrx_word' id='word_1_164' title='bbox 1655 2345 1722 2415; x_wconf 89' lang='lat' dir='ltr'>do·</span> <span class='ocrx_word' id='word_1_165' title='bbox 1745 2336 1750 2343; x_wconf 79' lang='grc'><strong>’</strong></span> 
     </span>
     <span class='ocr_line' id='line_1_23' title="bbox 522 2434 1721 2535; baseline 0.002 -24"><span class='ocrx_word' id='word_1_166' title='bbox 522 2440 631 2513; x_wconf 87' lang='lat' dir='ltr'>minio</span> <span class='ocrx_word' id='word_1_167' title='bbox 653 2441 800 2512; x_wconf 86' lang='lat' dir='ltr'>omuino</span> <span class='ocrx_word' id='word_1_168' title='bbox 820 2460 914 2532; x_wconf 85' lang='lat' dir='ltr'>aptae</span> <span class='ocrx_word' id='word_1_169' title='bbox 936 2438 1293 2531; x_wconf 79' lang='lat' dir='ltr'>udmvigatiouem,</span> <span class='ocrx_word' id='word_1_170' title='bbox 1327 2434 1564 2532; x_wconf 84' lang='lat' dir='ltr'>Hispanorum</span> <span class='ocrx_word' id='word_1_171' title='bbox 1595 2438 1721 2535; x_wconf 78' lang='lat' dir='ltr'>Belga-</span> 
     </span>
     <span class='ocr_line' id='line_1_24' title="bbox 523 2530 1720 2630; baseline 0.004 -23"><span class='ocrx_word' id='word_1_172' title='bbox 523 2552 669 2629; x_wconf 80' lang='lat' dir='ltr'>rumque</span> <span class='ocrx_word' id='word_1_173' title='bbox 687 2537 831 2609; x_wconf 82' lang='lat' dir='ltr'>omniuo</span> <span class='ocrx_word' id='word_1_174' title='bbox 849 2533 869 2572; x_wconf 80' lang='lat'><em>*</em></span> <span class='ocrx_word' id='word_1_175' title='bbox 892 2530 1148 2618; x_wconf 76' lang='lat' dir='ltr'>accedendum,</span> <span class='ocrx_word' id='word_1_176' title='bbox 1172 2533 1307 2627; x_wconf 72' lang='lat' dir='ltr'>fuitque</span> <span class='ocrx_word' id='word_1_177' title='bbox 1329 2534 1581 2626; x_wconf 87' lang='lat' dir='ltr'>proculdubio</span> <span class='ocrx_word' id='word_1_178' title='bbox 1601 2534 1720 2630; x_wconf 79' lang='lat' dir='ltr'>uergu</span> 
     </span>
     <span class='ocr_line' id='line_1_25' title="bbox 523 2626 1268 2723; baseline -0.004 -19"><span class='ocrx_word' id='word_1_179' title='bbox 523 2634 630 2723; x_wconf 82' lang='lat' dir='ltr'>iunge</span> <span class='ocrx_word' id='word_1_180' title='bbox 644 2626 860 2703; x_wconf 82' lang='lat' dir='ltr'>funestiiirma</span> <span class='ocrx_word' id='word_1_181' title='bbox 875 2630 952 2701; x_wconf 86' lang='lat' dir='ltr'>haec</span> <span class='ocrx_word' id='word_1_182' title='bbox 966 2632 1084 2702; x_wconf 75' lang='lat' dir='ltr'>Albani</span> <span class='ocrx_word' id='word_1_183' title='bbox 1104 2628 1268 2703; x_wconf 70' lang='lat' dir='ltr'>vindidu.</span> 
     </span>
    </p>

    <p class='ocr_par' dir='ltr' id='par_1_6' title="bbox 526 2724 1745 4163">
     <span class='ocr_line' id='line_1_26' title="bbox 548 2724 1721 2821; baseline -0.001 -20"><span class='ocrx_word' id='word_1_184' title='bbox 548 2791 554 2801; x_wconf 80' lang='grc'>,</span> <span class='ocrx_word' id='word_1_185' title='bbox 571 2725 724 2799; x_wconf 81' lang='lat' dir='ltr'>xxiv.</span> <span class='ocrx_word' id='word_1_186' title='bbox 760 2731 943 2811; x_wconf 60' lang='lat' dir='ltr'>Auruncus,</span> <span class='ocrx_word' id='word_1_187' title='bbox 968 2726 1027 2797; x_wconf 92' lang='lat' dir='ltr'>cui</span> <span class='ocrx_word' id='word_1_188' title='bbox 1047 2725 1134 2797; x_wconf 89' lang='lat' dir='ltr'>nihii</span> <span class='ocrx_word' id='word_1_189' title='bbox 1148 2730 1299 2821; x_wconf 81' lang='lat' dir='ltr'>optatius</span> <span class='ocrx_word' id='word_1_190' title='bbox 1323 2724 1481 2799; x_wconf 83' lang='lat' dir='ltr'>accidere</span> <span class='ocrx_word' id='word_1_191' title='bbox 1496 2728 1612 2820; x_wconf 83' lang='lat' dir='ltr'>potuit</span> <span class='ocrx_word' id='word_1_192' title='bbox 1632 2748 1721 2821; x_wconf 86' lang='lat' dir='ltr'>prae·</span> 
     </span>
     <span class='ocr_line' id='line_1_27' title="bbox 529 2818 1722 2916; baseline 0.001 -22"><span class='ocrx_word' id='word_1_193' title='bbox 529 2818 622 2895; x_wconf 75' lang='lat' dir='ltr'>diiii</span> <span class='ocrx_word' id='word_1_194' title='bbox 647 2823 766 2895; x_wconf 81' lang='lat' dir='ltr'>Albani</span> <span class='ocrx_word' id='word_1_195' title='bbox 792 2822 828 2893; x_wconf 91' lang='lat' dir='ltr'>in</span> <span class='ocrx_word' id='word_1_196' title='bbox 852 2818 1082 2916; x_wconf 84' lang='lat' dir='ltr'>gubernando</span> <span class='ocrx_word' id='word_1_197' title='bbox 1108 2820 1253 2908; x_wconf 78' lang='lat' dir='ltr'>forma,</span> <span class='ocrx_word' id='word_1_198' title='bbox 1290 2822 1463 2897; x_wconf 80' lang='lat' dir='ltr'>occusrooi</span> <span class='ocrx_word' id='word_1_199' title='bbox 1489 2845 1560 2893; x_wconf 88' lang='lat' dir='ltr'>nort</span> <span class='ocrx_word' id='word_1_200' title='bbox 1582 2822 1722 2911; x_wconf 86' lang='lat' dir='ltr'>defuit,</span> 
     </span>
     <span class='ocr_line' id='line_1_28' title="bbox 528 2913 1723 3013; baseline 0.003 -25"><span class='ocrx_word' id='word_1_201' title='bbox 528 2919 685 3009; x_wconf 73' lang='lat' dir='ltr'>mitique</span> <span class='ocrx_word' id='word_1_202' title='bbox 703 2937 796 2999; x_wconf 86' lang='lat' dir='ltr'>arte,</span> <span class='ocrx_word' id='word_1_203' title='bbox 822 2939 865 2990; x_wconf 89' lang='lat' dir='ltr'>ac</span> <span class='ocrx_word' id='word_1_204' title='bbox 883 2917 1000 3003; x_wconf 89' lang='lat' dir='ltr'>omni,</span> <span class='ocrx_word' id='word_1_205' title='bbox 1020 2916 1090 3011; x_wconf 80' lang='lat' dir='ltr'>qui</span> <span class='ocrx_word' id='word_1_206' title='bbox 1109 2921 1225 3011; x_wconf 85' lang='lat' dir='ltr'>potuit</span> <span class='ocrx_word' id='word_1_207' title='bbox 1244 2913 1446 3013; x_wconf 74' lang='lat' dir='ltr'>vigilantii,</span> <span class='ocrx_word' id='word_1_208' title='bbox 1472 2940 1513 2989; x_wconf 86' lang='lat' dir='ltr'>uc</span> <span class='ocrx_word' id='word_1_209' title='bbox 1532 2918 1723 3006; x_wconf 86' lang='lat' dir='ltr'>industria,</span> 
     </span>
     <span class='ocr_line' id='line_1_29' title="bbox 526 3012 1720 3109; baseline 0 -24"><span class='ocrx_word' id='word_1_210' title='bbox 526 3012 695 3107; x_wconf 83' lang='lat' dir='ltr'>paulatim</span> <span class='ocrx_word' id='word_1_211' title='bbox 710 3015 921 3106; x_wconf 79' lang='lat' dir='ltr'>populorum</span> <span class='ocrx_word' id='word_1_212' title='bbox 940 3016 1073 3087; x_wconf 77' lang='lat' dir='ltr'>animos</span> <span class='ocrx_word' id='word_1_213' title='bbox 1091 3015 1135 3085; x_wconf 88' lang='lat' dir='ltr'>ad</span> <span class='ocrx_word' id='word_1_214' title='bbox 1152 3034 1243 3085; x_wconf 80' lang='lat' dir='ltr'>nove</span> <span class='ocrx_word' id='word_1_215' title='bbox 1260 3014 1472 3109; x_wconf 83' lang='lat' dir='ltr'>propensos,</span> <span class='ocrx_word' id='word_1_216' title='bbox 1497 3016 1540 3085; x_wconf 84' lang='lat' dir='ltr'>ad</span> <span class='ocrx_word' id='word_1_217' title='bbox 1560 3013 1720 3106; x_wconf 82' lang='lat' dir='ltr'>despera-</span> 
     </span>
     <span class='ocr_line' id='line_1_30' title="bbox 528 3105 1727 3204; baseline 0 -24"><span class='ocrx_word' id='word_1_218' title='bbox 528 3110 659 3182; x_wconf 89' lang='lat' dir='ltr'>tionem</span> <span class='ocrx_word' id='word_1_219' title='bbox 682 3109 846 3182; x_wconf 88' lang='lat' dir='ltr'>inducere</span> <span class='ocrx_word' id='word_1_220' title='bbox 875 3105 1021 3181; x_wconf 87' lang='lat' dir='ltr'>studuit:</span> <span class='ocrx_word' id='word_1_221' title='bbox 1049 3112 1085 3181; x_wconf 90' lang='lat' dir='ltr'>in</span> <span class='ocrx_word' id='word_1_222' title='bbox 1111 3133 1183 3203; x_wconf 93' lang='lat' dir='ltr'>quo</span> <span class='ocrx_word' id='word_1_223' title='bbox 1208 3110 1347 3184; x_wconf 88' lang='lat' dir='ltr'>tandem</span> <span class='ocrx_word' id='word_1_224' title='bbox 1376 3112 1426 3183; x_wconf 92' lang='lat' dir='ltr'>ita</span> <span class='ocrx_word' id='word_1_225' title='bbox 1450 3106 1601 3204; x_wconf 82' lang='lat' dir='ltr'>proiecit</span> <span class='ocrx_word' id='word_1_226' title='bbox 1624 3114 1727 3203; x_wconf 82' lang='lat' dir='ltr'>apud.</span> 
     </span>
     <span class='ocr_line' id='line_1_31' title="bbox 529 3202 1721 3302; baseline -0.003 -23"><span class='ocrx_word' id='word_1_227' title='bbox 529 3202 729 3280; x_wconf 81' lang='lat' dir='ltr'>Hoiluudos</span> <span class='ocrx_word' id='word_1_228' title='bbox 739 3222 816 3302; x_wconf 82' lang='lat' dir='ltr'>,ut</span> <span class='ocrx_word' id='word_1_229' title='bbox 839 3207 902 3278; x_wconf 82' lang='lat' dir='ltr'>virt</span> <span class='ocrx_word' id='word_1_230' title='bbox 923 3204 1006 3277; x_wconf 85' lang='lat' dir='ltr'>eiiet</span> <span class='ocrx_word' id='word_1_231' title='bbox 1024 3204 1094 3290; x_wconf 90' lang='lat' dir='ltr'><strong>ibi,</strong></span> <span class='ocrx_word' id='word_1_232' title='bbox 1117 3208 1176 3299; x_wconf 91' lang='lat' dir='ltr'>qui</span> <span class='ocrx_word' id='word_1_233' title='bbox 1197 3209 1315 3279; x_wconf 79' lang='lat' dir='ltr'>cinon</span> <span class='ocrx_word' id='word_1_234' title='bbox 1333 3204 1443 3279; x_wconf 87' lang='lat' dir='ltr'>solum</span> <span class='ocrx_word' id='word_1_235' title='bbox 1462 3226 1532 3277; x_wconf 88' lang='lat' dir='ltr'>non</span> <span class='ocrx_word' id='word_1_236' title='bbox 1556 3204 1691 3279; x_wconf 78' lang='lat' dir='ltr'>faveret</span> <span class='ocrx_word' id='word_1_237' title='bbox 1710 3262 1721 3295; x_wconf 83' lang='lat'>‚</span> 
     </span>
     <span class='ocr_line' id='line_1_32' title="bbox 530 3300 1725 3397; baseline 0.003 -24"><span class='ocrx_word' id='word_1_238' title='bbox 530 3300 590 3375; x_wconf 85' lang='lat' dir='ltr'>sed</span> <span class='ocrx_word' id='word_1_239' title='bbox 610 3303 714 3376; x_wconf 87' lang='lat' dir='ltr'>etiam</span> <span class='ocrx_word' id='word_1_240' title='bbox 731 3320 770 3375; x_wconf 92' lang='lat' dir='ltr'>ut</span> <span class='ocrx_word' id='word_1_241' title='bbox 788 3302 1018 3395; x_wconf 80' lang='lat' dir='ltr'>aliquidnovi</span> <span class='ocrx_word' id='word_1_242' title='bbox 1037 3303 1234 3385; x_wconf 89' lang='lat' dir='ltr'>moliretur,</span> <span class='ocrx_word' id='word_1_243' title='bbox 1259 3326 1331 3378; x_wconf 85' lang='lat' dir='ltr'>non</span> <span class='ocrx_word' id='word_1_244' title='bbox 1347 3318 1553 3397; x_wconf 84' lang='lat' dir='ltr'>appeteret,</span> <span class='ocrx_word' id='word_1_245' title='bbox 1578 3302 1614 3375; x_wconf 76' lang='grc' dir='ltr'>δι</span> <span class='ocrx_word' id='word_1_246' title='bbox 1626 3308 1725 3395; x_wconf 89' lang='lat' dir='ltr'>quod</span> 
     </span>
     <span class='ocr_line' id='line_1_33' title="bbox 530 3395 1725 3491; baseline 0.002 -22"><span class='ocrx_word' id='word_1_247' title='bbox 530 3403 638 3490; x_wconf 78' lang='lat' dir='ltr'>major</span> <span class='ocrx_word' id='word_1_248' title='bbox 656 3399 724 3484; x_wconf 85' lang='lat' dir='ltr'>est,</span> <span class='ocrx_word' id='word_1_249' title='bbox 749 3395 858 3470; x_wconf 86' lang='lat' dir='ltr'>fertur</span> <span class='ocrx_word' id='word_1_250' title='bbox 875 3420 920 3469; x_wconf 84' lang='lat' dir='ltr'>ex</span> <span class='ocrx_word' id='word_1_251' title='bbox 949 3419 1048 3491; x_wconf 85' lang='lat' dir='ltr'>parte</span> <span class='ocrx_word' id='word_1_252' title='bbox 1073 3396 1336 3471; x_wconf 81' lang='lat' dir='ltr'>Hollundorum</span> <span class='ocrx_word' id='word_1_253' title='bbox 1358 3414 1573 3478; x_wconf 82' lang='lat' dir='ltr'>conventum</span> <span class='ocrx_word' id='word_1_254' title='bbox 1603 3397 1725 3491; x_wconf 75' lang='lat' dir='ltr'>fuisse,</span> 
     </span>
     <span class='ocr_line' id='line_1_34' title="bbox 531 3488 1724 3589; baseline 0.005 -25"><span class='ocrx_word' id='word_1_255' title='bbox 531 3488 568 3564; x_wconf 84' lang='lat' dir='ltr'>ie</span> <span class='ocrx_word' id='word_1_256' title='bbox 583 3494 656 3587; x_wconf 85' lang='lat' dir='ltr'>ejus</span> <span class='ocrx_word' id='word_1_257' title='bbox 679 3512 796 3588; x_wconf 81' lang='lat' dir='ltr'>parter</span> <span class='ocrx_word' id='word_1_258' title='bbox 816 3492 1013 3575; x_wconf 73' lang='lat' dir='ltr'>secuturos,</span> <span class='ocrx_word' id='word_1_259' title='bbox 1036 3500 1140 3588; x_wconf 75' lang='lat' dir='ltr'>utque</span> <span class='ocrx_word' id='word_1_260' title='bbox 1169 3496 1214 3567; x_wconf 84' lang='lat' dir='ltr'>ud</span> <span class='ocrx_word' id='word_1_261' title='bbox 1239 3492 1403 3567; x_wconf 88' lang='lat' dir='ltr'>sumenda</span> <span class='ocrx_word' id='word_1_262' title='bbox 1431 3514 1523 3566; x_wconf 85' lang='lat' dir='ltr'>arma</span> <span class='ocrx_word' id='word_1_263' title='bbox 1551 3494 1599 3565; x_wconf 88' lang='lat' dir='ltr'><strong>illi</strong></span> <span class='ocrx_word' id='word_1_264' title='bbox 1617 3518 1724 3589; x_wconf 86' lang='lat' dir='ltr'>pecu·</span> 
     </span>
     <span class='ocr_line' id='line_1_35' title="bbox 531 3588 1724 3685; baseline 0.004 -24"><span class='ocrx_word' id='word_1_265' title='bbox 531 3590 625 3661; x_wconf 87' lang='lat' dir='ltr'>niam</span> <span class='ocrx_word' id='word_1_266' title='bbox 649 3588 812 3662; x_wconf 83' lang='lat' dir='ltr'>Coioiriae</span> <span class='ocrx_word' id='word_1_267' title='bbox 841 3588 1048 3673; x_wconf 83' lang='lat' dir='ltr'>numeraiie,</span> <span class='ocrx_word' id='word_1_268' title='bbox 1073 3607 1112 3662; x_wconf 90' lang='lat' dir='ltr'>ut</span> <span class='ocrx_word' id='word_1_269' title='bbox 1134 3590 1205 3685; x_wconf 87' lang='lat' dir='ltr'>jam</span> <span class='ocrx_word' id='word_1_270' title='bbox 1233 3593 1318 3665; x_wconf 90' lang='lat' dir='ltr'>nihil</span> <span class='ocrx_word' id='word_1_271' title='bbox 1346 3588 1533 3673; x_wconf 86' lang='lat' dir='ltr'>deficeret,</span> <span class='ocrx_word' id='word_1_272' title='bbox 1558 3592 1655 3683; x_wconf 86' lang='lat' dir='ltr'>quod</span> <span class='ocrx_word' id='word_1_273' title='bbox 1680 3594 1724 3666; x_wconf 89' lang='lat' dir='ltr'>ab</span> 
     </span>
     <span class='ocr_line' id='line_1_36' title="bbox 535 3682 1724 3783; baseline 0.003 -26"><span class='ocrx_word' id='word_1_274' title='bbox 535 3687 673 3757; x_wconf 70' lang='lat' dir='ltr'>duriaco</span> <span class='ocrx_word' id='word_1_275' title='bbox 700 3682 885 3757; x_wconf 84' lang='lat' dir='ltr'>defidetari</span> <span class='ocrx_word' id='word_1_276' title='bbox 909 3683 1034 3776; x_wconf 81' lang='lat' dir='ltr'>poffet.</span> <span class='ocrx_word' id='word_1_277' title='bbox 1083 3684 1205 3778; x_wconf 86' lang='lat' dir='ltr'>Itaque</span> <span class='ocrx_word' id='word_1_278' title='bbox 1226 3708 1298 3760; x_wconf 87' lang='lat' dir='ltr'>nort</span> <span class='ocrx_word' id='word_1_279' title='bbox 1320 3689 1467 3783; x_wconf 81' lang='lat' dir='ltr'>amplius</span> <span class='ocrx_word' id='word_1_280' title='bbox 1495 3683 1724 3761; x_wconf 85' lang='lat' dir='ltr'>differendum</span> 
     </span>
     <span class='ocr_line' id='line_1_37' title="bbox 531 3780 1724 3877; baseline 0.003 -26"><span class='ocrx_word' id='word_1_281' title='bbox 531 3801 626 3853; x_wconf 80' lang='lat' dir='ltr'>tatus</span> <span class='ocrx_word' id='word_1_282' title='bbox 645 3786 819 3873; x_wconf 73' lang='lat' dir='ltr'>Lumeyum</span> <span class='ocrx_word' id='word_1_283' title='bbox 841 3833 851 3866; x_wconf 93' lang='lat'>‚</span> <span class='ocrx_word' id='word_1_284' title='bbox 884 3783 999 3851; x_wconf 83' lang='lat' dir='ltr'>virum</span> <span class='ocrx_word' id='word_1_285' title='bbox 1016 3800 1141 3873; x_wconf 83' lang='lat' dir='ltr'>genere</span> <span class='ocrx_word' id='word_1_286' title='bbox 1159 3786 1311 3869; x_wconf 84' lang='lat' dir='ltr'>clarum,</span> <span class='ocrx_word' id='word_1_287' title='bbox 1336 3784 1373 3857; x_wconf 72' lang='grc' dir='ltr'>δι</span> <span class='ocrx_word' id='word_1_288' title='bbox 1396 3783 1553 3877; x_wconf 86' lang='lat' dir='ltr'>quamvis</span> <span class='ocrx_word' id='word_1_289' title='bbox 1575 3780 1724 3857; x_wconf 75' lang='lat' dir='ltr'>scientim</span> 
     </span>
     <span class='ocr_line' id='line_1_38' title="bbox 531 3872 1733 3973; baseline 0.007 -28"><span class='ocrx_word' id='word_1_290' title='bbox 531 3876 689 3948; x_wconf 83' lang='lat' dir='ltr'>miirtaris</span> <span class='ocrx_word' id='word_1_291' title='bbox 706 3876 851 3959; x_wconf 88' lang='lat' dir='ltr'>rudem,</span> <span class='ocrx_word' id='word_1_292' title='bbox 877 3872 1063 3968; x_wconf 89' lang='lat' dir='ltr'>superbum</span> <span class='ocrx_word' id='word_1_293' title='bbox 1079 3892 1216 3967; x_wconf 86' lang='lat' dir='ltr'>tamen,</span> <span class='ocrx_word' id='word_1_294' title='bbox 1243 3894 1347 3973; x_wconf 83' lang='lat' dir='ltr'>utque</span> <span class='ocrx_word' id='word_1_295' title='bbox 1365 3880 1513 3973; x_wconf 89' lang='lat' dir='ltr'>inquieti</span> <span class='ocrx_word' id='word_1_296' title='bbox 1531 3881 1650 3962; x_wconf 87' lang='lat' dir='ltr'>animi,</span> <span class='ocrx_word' id='word_1_297' title='bbox 1667 3884 1733 3953; x_wconf 64' lang='lat' dir='ltr'>ad.-</span> 
     </span>
     <span class='ocr_line' id='line_1_39' title="bbox 529 3970 1745 4163; baseline 0.005 -120"><span class='ocrx_word' id='word_1_298' title='bbox 529 3992 600 4063; x_wconf 87' lang='lat' dir='ltr'>que</span> <span class='ocrx_word' id='word_1_299' title='bbox 628 3972 699 4044; x_wconf 87' lang='lat' dir='ltr'>hoc</span> <span class='ocrx_word' id='word_1_300' title='bbox 727 3973 832 4046; x_wconf 84' lang='lat' dir='ltr'>civile</span> <span class='ocrx_word' id='word_1_301' title='bbox 858 3970 989 4045; x_wconf 89' lang='lat' dir='ltr'>bellum</span> <span class='ocrx_word' id='word_1_302' title='bbox 1013 3973 1200 4049; x_wconf 76' lang='lat' dir='ltr'>admodum</span> <span class='ocrx_word' id='word_1_303' title='bbox 1218 3973 1431 4072; x_wconf 87' lang='lat' dir='ltr'>propensum</span> <span class='ocrx_word' id='word_1_304' title='bbox 1452 3977 1488 4047; x_wconf 88' lang='lat' dir='ltr'>iu</span> <span class='ocrx_word' id='word_1_305' title='bbox 1502 3974 1687 4163; x_wconf 49' lang='lat' dir='ltr'>vindiiiargt</span> <span class='ocrx_word' id='word_1_306' title='bbox 1710 3984 1745 4061; x_wconf 80' lang='lat'>,‘</span> 
     </span>
    </p>

    <p class='ocr_par' dir='ltr' id='par_1_7' title="bbox 1685 4092 1724 4145">
     <span class='ocr_line' id='line_1_40' title="bbox 1685 4092 1724 4145; baseline 0.103 -4"><span class='ocrx_word' id='word_1_307' title='bbox 1685 4092 1724 4145; x_wconf 87' lang='lat' dir='ltr'>ut</span> 
     </span>
    </p>

    <p class='ocr_par' dir='ltr' id='par_1_8' title="bbox 569 4183 1723 4283">
     <span class='ocr_line' id='line_1_41' title="bbox 569 4183 1723 4283; baseline 0.011 -32"><span class='ocrx_word' id='word_1_308' title='bbox 569 4188 589 4229; x_wconf 76' lang='lat'>*</span> <span class='ocrx_word' id='word_1_309' title='bbox 609 4183 662 4251; x_wconf 84' lang='lat' dir='ltr'>Ito</span> <span class='ocrx_word' id='word_1_310' title='bbox 676 4186 785 4271; x_wconf 72' lang='lat' dir='ltr'>vitiosi</span> <span class='ocrx_word' id='word_1_311' title='bbox 803 4192 835 4252; x_wconf 80' lang='lat' dir='ltr'>in</span> <span class='ocrx_word' id='word_1_312' title='bbox 849 4188 909 4258; x_wconf 82' lang='lat' dir='ltr'>cod.</span> <span class='ocrx_word' id='word_1_313' title='bbox 930 4186 1038 4272; x_wconf 74' lang='lat' dir='ltr'>nostro.</span> <span class='ocrx_word' id='word_1_314' title='bbox 1082 4188 1231 4273; x_wconf 74' lang='lat' dir='ltr'><strong>conjicio,</strong></span> <span class='ocrx_word' id='word_1_315' title='bbox 1251 4209 1287 4257; x_wconf 84' lang='lat' dir='ltr'>ur</span> <span class='ocrx_word' id='word_1_316' title='bbox 1300 4192 1405 4281; x_wconf 81' lang='lat' dir='ltr'>seusus</span> <span class='ocrx_word' id='word_1_317' title='bbox 1423 4212 1581 4283; x_wconf 82' lang='lat' dir='ltr'>utrumque</span> <span class='ocrx_word' id='word_1_318' title='bbox 1604 4196 1723 4281; x_wconf 65' lang='lat' dir='ltr'>constet,</span> 
     </span>
    </p>

    <p class='ocr_par' dir='ltr' id='par_1_9' title="bbox 524 4267 1670 4369">
     <span class='ocr_line' id='line_1_42' title="bbox 524 4267 1670 4369; baseline 0.01 -30"><span class='ocrx_word' id='word_1_319' title='bbox 524 4267 582 4358; x_wconf 75' lang='lat' dir='ltr'>tegi</span> <span class='ocrx_word' id='word_1_320' title='bbox 598 4269 697 4360; x_wconf 73' lang='lat' dir='ltr'>poffl:</span> <span class='ocrx_word' id='word_1_321' title='bbox 717 4270 960 4343; x_wconf 80' lang='lat' dir='ltr'>arceffeudam.</span> <span class='ocrx_word' id='word_1_322' title='bbox 1003 4272 1062 4344; x_wconf 83' lang='lat' dir='ltr'>Sed</span> <span class='ocrx_word' id='word_1_323' title='bbox 1079 4276 1156 4343; x_wconf 77' lang='lat' dir='ltr'><strong>nibil</strong></span> <span class='ocrx_word' id='word_1_324' title='bbox 1174 4276 1452 4364; x_wconf 76' lang='lat' dir='ltr'>perspiueieutisefl</span> <span class='ocrx_word' id='word_1_325' title='bbox 1476 4282 1670 4369; x_wconf 72' lang='lat' dir='ltr'>insertione.</span> 
     </span>
    </p>
   </div>
   <div class='ocr_carea' id='block_1_6' title="bbox 1908 1474 1910 1567">
    <p class='ocr_par' dir='ltr' id='par_1_10' title="bbox 1908 1474 1910 1575">
     <span class='ocr_line' id='line_1_43' title="bbox 1908 1474 1910 1567; baseline 0 0"><span class='ocrx_word' id='word_1_326' title='bbox 1908 1474 1910 1567; x_wconf 71' lang='lat' dir='ltr'>t</span> 
     </span>
    </p>
   </div>
   <div class='ocr_carea' id='block_1_7' title="bbox 0 0 2004 5167">
    <p class='ocr_par' dir='ltr' id='par_1_11' title="bbox 0 0 2004 5167">
     <span class='ocr_line' id='line_1_44' title="bbox 0 0 2004 5167; baseline 0 0"><span class='ocrx_word' id='word_1_327' title='bbox 0 0 2004 5167; x_wconf 95' lang='lat' dir='ltr'> </span> 
     </span>
    </p>
   </div>
  </div>
 </body>
</html>
