3984 5167
464 574 479 605 ι
598 578 676 667 540
733 549 767 658 ι.
793 546 841 655 B.
878 470 950 635 nu
987 498 1237 637 russis
1278 538 1665 636 comment.

449 774 551 846 1593,
596 775 618 810 n
644 730 722 829 post
749 730 926 807 meridiem
959 726 1137 802 Dominus
1162 725 1298 800 Praeses'
1318 724 1478 819 Magister
1501 728 1522 768 ·
1547 728 1643 801 bono
1663 726 1777 800 Confi·

598 871 620 905 n
644 831 819 905 liariorum
853 826 890 899 d.
918 824 1068 899 Senatus
1100 846 1248 897 numero
1269 826 1485 913 comitatus,
1519 824 1640 907 adeat,
1666 828 1780 897 admo·

474 976 480 987 ·
551 906 620 1001 ‘n
646 944 796 1019 neatque
814 922 1004 995 Dominum
1033 924 1156 992 Ducem
1180 921 1350 1012 Muyennoe
1374 917 1554 991 Vicatium
1573 919 1778 993 Genetalem

423 1048 455 1105 nn
483 1043 548 1179 togo-
600 1063 623 1097 η
647 1021 785 1107 Stams,
811 1044 852 1093 ac
879 1021 1031 1093 Coronae
1056 1012 1205 1098 Gallie,
1231 1037 1349 1091 coram
1367 1014 1614 1109 Principibus,
1638 1038 1682 1089 ac
1696 1014 1779 1087 Olli·
1871 1097 1872 1115 ἦ

423 1136 477 1181 met
524 1136 570 1177 ¹⁴⁶²
599 1158 622 1194 n
647 1118 760 1191 ciariis
780 1114 914 1210 Regni,
930 1138 974 1185 ne
993 1113 1180 1206 quicquam
1196 1111 1342 1197 tentari,
1367 1109 1573 1207 traditrique
1590 1112 1694 1198 sinat,
1712 1134 1780 1207 quo

424 1204 567 1286 Maxentio
595 1208 623 1290 'n
648 1215 751 1309 hujus
766 1213 881 1307 Regni
897 1208 1039 1282 Corona
1050 1204 1277 1281 transferatur
1291 1208 1327 1278 in
1344 1206 1544 1300 Principem
1562 1227 1778 1294 extraneum,

422 1284 551 1423 {mg
600 1340 630 1386 ,φ
649 1332 776 1382 marem
807 1310 864 1381 vel
882 1303 1077 1389 faeminam,
1102 1324 1143 1375 ut
1163 1298 1439 1377 fundamentales
1470 1304 1572 1399 hujus
1598 1302 1716 1399 Regni
1733 1308 1778 1377 le-

424 1446 480 1493 tus.
593 1444 621 1483 ι,
647 1428 707 1500 ges
744 1401 1023 1490 conserventur,
1056 1396 1093 1471 dt
1126 1400 1270 1484 amella,
1303 1400 1504 1492 placitaque
1531 1399 1616 1471 disti
1640 1400 1780 1475 Senatus
1872 1445 1873 1464 t

600 1544 622 1578 n
648 1502 743 1596 quod
769 1501 892 1571 attinet
913 1500 954 1569 ad
983 1493 1260 1568 constitutionem
1290 1494 1420 1590 Regis,
1445 1495 1640 1577 Catholici,
1667 1495 1706 1567 dt
1728 1521 1781 1569 na·

597 1640 621 1674 η
647 1604 740 1670 tione
758 1596 873 1681 Galli,
898 1594 1095 1665 executioni
1117 1593 1342 1677 mandentum
1368 1614 1476 1685 utque
1496 1592 1538 1663 ed
1555 1596 1781 1681 authoritate,

598 1736 621 1771 n
648 1716 728 1788 quae
765 1694 796 1764 ei
824 1690 1065 1764 communibus
1096 1684 1346 1760 foederatotum
1381 1687 1537 1765 omniurn
1567 1691 1666 1760 votis
1697 1712 1778 1762 con·

597 1812 622 1865 ι,
648 1788 756 1877 cessa,
783 1788 975 1879 collataque
996 1781 1067 1869 est,
1091 1784 1279 1878 impediat,
1304 1807 1358 1893 ne·
1373 1804 1546 1878 ptaetextu
1567 1783 1778 1878 Religionis,
1873 1791 1874 1798 ’

600 1926 624 1962 n
649 1886 749 1979 hujus
769 1883 883 1975 Regni
901 1879 1075 1975 sceptrum
1093 1877 1328 1952 transferatur
1348 1900 1384 1950 tn
1417 1900 1638 1964 extraneum,
1661 1904 1778 1955 contra

601 1980 764 2073 „Regni
796 1982 908 2073 leges3
941 1976 1215 2071 provideatque,
1249 1996 1353 2070 qnam
1382 1976 1535 2049 domme
1558 1974 1632 2049 fieri
1656 1999 1780 2072 queat,

602 2119 625 2152 n
651 2078 758 2173 quieti
774 2075 943 2183 publicae,
969 2073 1164 2169 populique
1194 2070 1369 2145 succurrat
1391 2071 1556 2159 miseriis,
1590 2072 1627 2145 δι
1645 2076 1782 2146 calami·
1874 2101 1875 2152 ι

602 2213 624 2247 n
651 2172 800 2257 tatibus,
825 2190 861 2241 tn
880 2190 970 2335 anas
994 2166 1138 2251 incidit3
1164 2168 1202 2241 δι
1225 2166 1448 2239 nibilominus
1476 2168 1563 2251 boc,
1586 2168 1781 2263 eodemque

604 2264 878 2345 „Qmffl

539 2410 544 2425 ·
603 2406 627 2440 n
652 2384 708 2435 tus
728 2361 854 2435 foedera
880 2383 924 2433 ue
950 2381 1021 2433 tam
1043 2362 1153 2446 inita,
1177 2382 1282 2454 quam
1303 2359 1450 2454 posthac
1472 2362 1623 2433 ineunda
1645 2363 1681 2432 in
1699 2382 1780 2433 con·

603 2459 826 2537 „stitutione
893 2459 1037 2551 rincipis
1067 2457 1252 2539 extranei,
1286 2458 1408 2543 maris,
1432 2456 1489 2530 vel
1519 2456 1688 2541 faeminae,
1710 2478 1781 2529 tan·

604 2598 628 2633 n
653 2578 755 2650 quant
785 2555 905 2639 nulla,
936 2550 1131 2649 nulliusque
1162 2548 1325 2641 effossus,
1358 2574 1419 2625 aut
1443 2554 1595 2639 valoris,
1631 2555 1671 2627 δι
1691 2554 1783 2625 velut

918 2288 957 2339 us
975 2266 1121 2338 Senatus
1130 2263 1303 2351 abolevit,
1319 2265 1508 2358 aboletque
1528 2286 1643 2337 omncs
1657 2268 1780 2339 trasla-
1875 2273 1876 2354 l

601 2694 628 2743 ρ,
654 2648 743 2723 sassa
761 2650 913 2745 initaque
928 2650 963 2721 in
979 2651 1222 2723 detrimentum
1239 2646 1345 2743 Legis
1362 2648 1494 2736 Solita,
1517 2650 1782 2743 aliatumqoele·
1876 2677 1877 2730 1

606 2791 628 2821 ι,
654 2770 756 2843 gum,
794 2768 834 2818 ac
859 2746 1147 2819 constitutionum
1175 2740 1486 2819 fundamentalium
1524 2746 1631 2856 huju,
1663 2746 1786 2840 Regni,
1876 2735 1877 2776 l

606 2886 628 2918 ι,
655 2844 742 2914 illia
758 2844 792 2912 in
814 2840 973 2934 supremo
989 2840 1120 2913 Senatu
1144 2836 1308 2935 vigefimd
1327 2838 1450 2913 ottavo
1464 2839 1558 2932 Junit
1578 2864 1681 2934 1593.
1696 2841 1715 2875 ’⁸

653 2937 732 3007 XV.
759 2938 878 3031 Atque
893 2934 938 3009 stc
954 2938 1030 3030 post
1041 2939 1161 3033 longas
1176 2938 1511 3009 communicationes
1527 2937 1674 3031 publice
1688 2938 1781 3010 habi·

606 3052 657 3106 tas
682 3052 796 3105 coram
808 3031 1026 3118 Ordinibus,
1052 3031 1269 3127 &privatim
1285 3033 1321 3105 in
1337 3034 1445 3105 domo
1460 3036 1494 3105 le
1519 3034 1589 3116 ati,
1612 3031 1777 3127 prasenti·

605 3131 670 3201 bus
698 3130 880 3209 Dammae,
901 3126 1304 3216 cardinecardine,
1330 3127 1470 3224 aliisque
1493 3056 1722 3216 Rroemibm,
1743 3150 1783 3203 at

609 3226 782 3319 aliquibus
797 3246 840 3295 ex
861 3244 953 3296 coetu
982 3220 1159 3296 Ordinum
1171 3222 1363 3319 delegatis,
1385 3246 1426 3297 ut
1451 3223 1502 3295 ibi
1524 3226 1618 3319 inter
1637 3246 1783 3321 paucos.

605 3342 712 3417 quam
739 3317 939 3391 strictissime
956 3340 1013 3391 res
1042 3318 1286 3406 tradaretttur,
1310 3320 1450 3394 tandem
1472 3325 1652 3417 negotium
1669 3326 1714 3395 ad
1737 3324 1787 3393 ni·

605 3421 717 3490 hilum
734 3412 910 3488 redaslum
928 3414 996 3500 est,
1022 3436 1087 3487 nec
1108 3414 1239 3487 Feriam
1256 3417 1349 3487 aliud
1372 3419 1491 3489 datum
1512 3439 1617 3510 quam
1639 3416 1788 3513 speciosa

604 3516 732 3596 verba,
758 3511 882 3613 quibus
894 3511 1159 3605 denegationem
1174 3511 1211 3583 itt
1227 3509 1379 3607 praesens
1395 3511 1614 3598 excusantes,
1632 3512 1791 3588 constan·

608 3610 760 3699 tiamque
780 3608 918 3679 unionis
935 3607 1201 3702 promittentes,
1227 3605 1437 3700 persuadere
1464 3611 1583 3682 conati
1611 3607 1709 3696 sunt,
1733 3612 1791 3685 dc·

605 3706 689 3777 bere
701 3703 832 3795 Philippi
852 3710 921 3775 ‘tam
938 3701 1144 3797 potentibus
1162 3702 1264 3775 armis
1280 3726 1325 3775 eo
1342 3726 1416 3777 rem
1426 3705 1554 3778 adduci
1567 3728 1692 3779 contra
1704 3705 1792 3777 Hen-

606 3805 725 3887 ritum,
751 3818 791 3870 ut
811 3822 890 3873 cnm
905 3798 976 3894 jam
993 3795 1075 3873 esset
1089 3798 1219 3871 elesius
1246 3819 1359 3873 novus
1379 3796 1477 3889 Rex,
1501 3820 1609 3895 prout
1623 3802 1791 3898 petebat,

604 3894 716 3993 poli'et
735 3895 763 3967 it
780 3895 816 3967 in
831 3894 916 3969 solio
931 3895 1011 3968 tutd
1032 3915 1259 3990 permanere,
1283 3918 1325 3971 ae
1343 3894 1540 3971 sustentare·
1555 3895 1591 3971 se
1613 3899 1649 3973 in
1665 3919 1794 3993 perpe·
1876 3967 1877 3984 ,

604 4012 726 4080 tuum,
743 3990 794 4175 <ald
806 3988 1116 4162 ocgnsolatiofitesqn,
1132 3988 1329 4161 &sallutem
1346 4015 1487 4163 ”fmsss’
1509 3992 1795 4163 quim

603 4108 717 4267 sigim,
732 4110 811 4280 ,un
826 4107 1041 4281 pedestzfftim
1056 4106 1587 4271 &oistedffiiffniffinm
1600 4110 1799 4259 netellRad

604 4278 751 4367 cedens,
774 4300 815 4356 ut
830 4280 969 4367 labent,
985 4300 1091 4374 quant
1105 4279 1297 4374 longissime
1315 4281 1475 4367 duraret,
1501 4276 1705 4377 tempusque
1716 4278 1799 4374 lup·

600 4391 739 4477 peteret
754 4374 817 4457 sno
832 4376 944 4475 Regi,
967 4376 1136 4470 ridendi,
1159 4376 1248 4474 quid
1261 4374 1327 4458 stbi
1339 4378 1442 4505 ineo
1458 4398 1576 4461 terum
1596 4375 1692 4458 llatu
1710 4397 1800 4484 wi}-
1876 4391 1877 4398 ‘

1695 4492 1801 4550 Rem·
