3984 5167
446 567 453 578 .
558 514 640 603 272
698 486 807 596 J..B.
841 508 915 577 uu
952 480 1638 580 TASSIS·COMMENT.

413 705 519 779 1577·
558 677 637 749 lites
666 670 854 756 Germani,
886 673 948 765 qui
973 691 1049 743 eam
1081 669 1240 765 praesrdio
1273 671 1469 757 tenebant?
1484 670 1677 747 Ordinibus
1697 696 1751 749 re·

561 772 658 843 uua:
684 772 731 841 ita
754 788 796 837 ut
816 766 885 839 fine
903 769 972 839 ulla
992 767 1108 854 caede,
1132 769 1228 839 omni
1248 788 1312 861 per
1343 767 1565 841 Brabautiam
1594 768 1753 841 molesiii

564 889 605 939 ac
626 864 798 937 solutione
822 865 883 933 illa
909 860 1178 957 stIpendiorum,
1214 886 1316 955 quam
1351 864 1524 935 Marchiae
1563 864 1753 937 Germanis

564 959 809 1057 promiserant,
836 961 908 1029 cito
925 959 1178 1051 commodeque
1195 959 1331 1031 liberati
1350 956 1423 1028 lint.
1473 958 1644 1053 Adeoque
1669 980 1752 1029 tuuc

564 1060 711 1129 militum
725 1056 981 1129 Germanorum
1008 1056 1143 1125 illorum
1170 1055 1301 1123 animos
1320 1052 1572 1138 consternarat,
1605 1053 1756 1124 Namur·

565 1149 675 1228 censis
698 1150 869 1245 profectio
893 1146 1072 1237 Andriam,
1104 1150 1267 1240 nullaque
1294 1146 1369 1241 spes
1394 1152 1512 1221 auxilii
1540 1151 1653 1223 abeo
1681 1148 1756 1219 sub·
1871 1210 1873 1217 Α

567 1248 752 1331 mittendi,
776 1269 816 1316 ut
829 1245 915 1315 nihil
931 1243 992 1314 sibi
1012 1244 1082 1337 jam
1103 1246 1250 1336 reliqui,
1276 1267 1379 1335 quam
1410 1245 1453 1315 de
1472 1244 1578 1318 salute
1600 1266 1758 1338 quoquo·
1872 1306 1873 1315 ,

569 1346 676 1416 modo
707 1344 888 1434 cogitare,
924 1336 990 1410 effe
1023 1340 1267 1433 intelligerent.
1320 1336 1507 1433 Austriocus
1536 1342 1638 1413 etiarn
1664 1340 1761 1411 baud
1872 1362 1873 1365 ’

568 1443 729 1534 ignarus,
754 1439 789 1506 in
809 1457 887 1515 eos,
912 1456 1014 1526 quarn
1033 1434 1208 1505 violenter
1228 1430 1467 1506 inveherentur
1483 1433 1659 1519 Ordines,
1683 1432 1757 1505 libi·

570 1536 689 1629 quein
713 1530 969 1625 praesentiarum
984 1526 1049 1599 ess'e
1067 1528 1294 1623 impossibile,
1320 1528 1360 1601 ei
1383 1529 1571 1612 brevitate,
1596 1532 1664 1623 quai
1688 1550 1760 1602 erat
1872 1540 1873 1543 ’

571 1628 702 1702 necesse
720 1631 786 1698 illis
805 1626 1002 1709 subvenire,
1028 1622 1129 1695 samae
1145 1626 1282 1697 illorum
1302 1622 1493 1697 consultum
1508 1627 1651 1711 voleus,
1673 1624 1760 1717 jussit
1872 1668 1873 1707 3

572 1720 750 1797 Praefectis
778 1719 965 1816 supremis,
990 1721 1066 1802 uti,
1098 1718 1568 1811 cumurgeretneceffitas,
1594 1718 1760 1814 pactioni·

491 1847 498 1865 ·
576 1824 663 1903 bus,
698 1840 800 1911 quam
838 1814 1063 1885 honestissime
1085 1813 1248 1907 pollent,
1281 1814 1439 1907 periculo
1465 1813 1531 1887 sele
1562 1816 1761 1888 eximerent.

577 1915 685 2003 Quod
700 1914 838 2005 quidem
849 1910 961 1983 fecere
977 1908 1123 1991 milites,
1149 1910 1206 1982 sed
1217 1911 1361 2001 indigno
1371 1910 1470 1981 nimis
1486 1909 1610 1991 modo,
1625 1934 1761 2005 aequum

577 2016 670 2083 enim
688 2006 820 2092 iuerat,
844 2004 1021 2099 supremos
1044 2003 1120 2075 suos
1140 2002 1345 2089 Praefedios,
1370 2002 1455 2075 ficut
1481 2004 1679 2098 semetipsos
1699 2003 1763 2077 ser·

577 2129 677 2191 vare,
703 2126 815 2195 eoque
840 2103 942 2193 pasto
955 2098 1109 2211 Jiufamiae
1129 2101 1243 2173 labem
1277 2102 1454 2174 aratione
1476 2100 1519 2171 ab
1550 2104 1645 2172 omni
1665 2122 1764 2186 aevo,

578 2198 779 2275 constantiae
788 2246 801 2284 ,
825 2194 927 2281 fidei,
951 2194 1102 2289 rurisque
1117 2195 1256 2291 jurandi
1277 2194 1381 2269 semel
1407 2196 1570 2289 praestiti,
1605 2197 1764 2284 addicta,
1846 2194 1850 2207 '

582 2293 765 2371 divertere.

629 2392 727 2465 XIV.
753 2386 939 2484 Austriucus
956 2410 1037 2460 cum
1063 2410 1177 2460 arcem
1209 2386 1482 2463 Namurcensenr
1505 2388 1767 2483 ingrederetur,

580 2492 671 2562 solos
687 2489 822 2579 aliquot
844 2488 1005 2579 corporis
1033 2484 1083 2555 sui
1102 2482 1286 2567 custodia,
1312 2487 1363 2559 &·
1380 2486 1425 2556 ud
1450 2508 1640 2579 pompam,
1665 2502 1770 2578 prout

581 2589 669 2658 inter
687 2604 860 2675 magnates
878 2582 1002 2667 moris,
1028 2582 1158 2651 eleetos
1178 2582 1323 2665 militet,
1348 2579 1475 2675 eosque
1494 2604 1623 2675 paucos
1639 2584 1770 2652 circum

552 2740 556 2747 .
584 2682 617 2753 se
647 2682 808 2753 habebat.
857 2674 964 2749 Hisce
988 2696 1120 2749 tantum
1149 2697 1233 2747 tunc
1259 2696 1319 2749 arx
1345 2671 1477 2749 munita
1509 2697 1599 2759 erat,
1625 2696 1772 2770 cumque

586 2799 747 2848 numerus
764 2772 1041 2858 nonsofficeret,
1065 2774 1261 2865 complures
1290 2793 1333 2843 ex
1362 2768 1556 2844 domesticis
1581 2762 1772 2865 Principis,

585 2874 621 2942 in
642 2870 894 2963 praesentiarum
918 2869 1036 2940 militis
1054 2866 1151 2937 obire
1175 2890 1299 2941 munus
1318 2870 1428 2940 euasti
1452 2864 1546 2947 sunt.
1573 2870 1624 2939 uti
1646 2866 1694 2939 fic
1714 2864 1769 2936 de·

585 2968 670 3037 bitae
696 2965 877 3037 ‘securitati
910 2960 987 3033 satis
1014 2962 1283 3055 provideretur.
1343 2963 1503 3056 Cumque
1536 2956 1772 3046 intellexisset,

585 3060 767 3155 quomodo
782 3053 987 3149 accepissent
1003 3054 1157 3131 Ordines
1175 3081 1232 3140 ea,
1260 3080 1337 3151 quae
1350 3056 1521 3131 Namurci
1541 3080 1605 3151 per
1627 3056 1660 3130 se
1680 3056 1771 3151 gestu

588 3175 702 3241 erant,
728 3152 915 3246 omnesque
928 3151 1128 3224 Provincias
1148 3154 1218 3247 jam
1242 3156 1283 3226 ad
1303 3154 1473 3226 vomitum
1499 3152 1652 3240 rediisse,
1678 3154 1775 3225 nihil·

587 3278 656 3348 que
679 3254 772 3341 apud
790 3252 891 3333 illos,
917 3272 1018 3341 quam
1031 3272 1123 3321 arma
1140 3248 1276 3331 sonare,
1302 3246 1340 3320 dt
1367 3246 1440 3343 ipse
1454 3249 1556 3321 rebus
1575 3249 1642 3323 suis
1661 3249 1777 3345 quoad

414 3354 557 3437 Μίαν
586 3348 702 3445 potuit
729 3348 912 3439 providere
930 3346 1048 3438 coepit.
1097 3341 1207 3417 Erant
1222 3342 1391 3417 immensis
1413 3343 1673 3418 difficultatibus
1693 3369 1774 3438 pro-

414 3458 481 3503 tam
497 3445 547 3533 tn·
590 3448 646 3517 cul
667 3444 776 3515 dubio
795 3444 896 3535 plenu
924 3442 1067 3523 omnia,
1103 3441 1140 3513 δι
1161 3440 1316 3533 quamvis
1339 3441 1483 3513 haberet
1515 3446 1603 3515 inter
1627 3440 1777 3514 Exterus

413 3538 480 3632 3}ss
494 3535 560 3575 ‘'¹⁶‘'
591 3542 745 3620 Billium,
772 3536 969 3628 Vendugum,
993 3560 1034 3607 ac
1061 3534 1343 3627 Mandragonium,
1368 3535 1509 3610 scientias
1543 3539 1592 3611 rei
1621 3538 1773 3609 militaris

415 3596 540 3743 (2ῑῖᾖῇ
590 3640 723 3718 claros,
756 3626 817 3702 soli
851 3652 962 3704 tamen
989 3651 1105 3712 erant,
1139 3630 1369 3724 militibusque
1395 3634 1566 3717 destituti,
1599 3630 1775 3728 personale

417 3758 509 3821 cusin
591 3754 722 3805 tantum
742 3727 806 3820 (ut
844 3730 892 3797 ita
917 3730 1050 3815 dicam)
1075 3729 1240 3797 auxilium
1264 3727 1479 3801 adserebant.
1530 3726 1621 3801 Solae
1649 3731 1685 3801 in
1712 3728 1775 3799 fide

417 3826 547 3886 urceNa-
590 3824 837 3922 permauebant
858 3823 1042 3894 Provincia
1065 3820 1395 3915 Luxemburgenfis,
1420 3847 1460 3897 ac
1486 3824 1711 3921 Burgundia,
1734 3846 1776 3895 ex

394 3900 560 4035 ''W“‚nss‘
591 3925 674 3994 viris
694 3922 806 4016 princi
833 3921 931 4004 ibus,
958 3920 1088 3989 Comites
1106 3919 1143 3989 de
1160 3916 1338 4011 Munsfelt,
1364 3918 1402 3991 dt
1418 3922 1455 3991 de
1472 3922 1586 4007 Rene,
1610 3940 1686 3992 tota
1699 3922 1777 3992 Bur·

415 3998 561 4119 {Jeffioss
592 4018 769 4087 iumoutuna
802 3944 955 4102 similia,
989 4015 1165 4107 paucique
1196 4015 1253 4085 alii
1285 4014 1422 4107 Belgae,
1456 4019 1549 4110 iique
1581 4041 1653 4090 non
1693 4016 1777 4089 adeo

409 4140 513 4218 flantia
593 4114 706 4204 magni
728 4115 916 4197 momenti,
941 4112 1027 4182 nul-li
1055 4110 1088 4178 ei
1108 4112 1150 4181 ad
1170 4132 1290 4181 manus
1308 4113 1452 4198 milites3
1477 4112 1588 4184 aerarii
1603 4112 1647 4184 ad
1667 4135 1777 4183 novos

405 4218 551 4295 superato.
592 4205 841 4298 comparandos
859 4228 964 4299 parca
990 4204 1177 4277 admodum
1196 4204 1369 4299 provifio3
1395 4228 1564 4302 erantque
1587 4230 1709 4280 eorum
1724 4212 1778 4279 de·

589 4301 745 4377 sesiuum
762 4304 913 4376 remedia
928 4322 1000 4374 tem
1026 4304 1132 4397 longe
1147 4304 1321 4399 petenda,
1351 4322 1390 4377 ut
1416 4325 1549 4380 certum
1578 4300 1665 4379 effer
1685 4304 1779 4377 illurn

1721 4400 1782 4471 dn

1872 460 1873 479 r

1871 484 1873 519 l
