3984 5167
422 506 713 603 eruut
770 446 1255 617 Quantus.
1371 522 1453 635 267

266 705 338 811 (ut
354 699 562 811 ita‘dicatn)
587 717 689 795 quum
706 699 909 792 qualitatem
935 698 1095 787 malitie,
1119 698 1281 796 Belgium·
1299 704 1336 779 in
1361 729 1451 803 prae·
1497 738 1599 815 1577.

126 860 127 894 ᾗ
262 793 562 984 ellinsnimhirginffte’(
573 906 721 984 accepto
734 886 861 997 ‘majori
886 910 1030 962 numero
1053 912 1121 984 pro
1150 890 1351 983 universali)
1377 922 1448 973 om.

257 1003 321 1059 nee
341 984 459 1081 Belgae
480 1008 567 1059 tune
593 1004 761 1078 temporis
792 986 982 1071 catholici,
1004 985 1166 1080 Regiqne
1193 988 1319 1074 dediti,
1343 1000 1450 1083 pauci

123 1089 124 1122 l
257 1099 371 1154 tamen
397 1084 449 1154 illi
471 1082 546 1154 alii:
582 1080 690 1175 (dico
717 1101 851 1173 paucos
884 1080 1042 1175 respetlu
1069 1084 1214 1155 aliorum
1240 1086 1447 1175 multorum,

122 1209 123 1212 ¹
257 1199 338 1249 cum
353 1180 457 1250 etiam
482 1178 583 1251 multi
605 1175 738 1267 essent)
764 1177 928 1262 audacia,
952 1178 1171 1265 temeritate,
1194 1179 1382 1267 industrii,
1407 1206 1448 1256 ac

121 1280 122 1289 ’
258 1271 539 1358 dillimulatioue,
562 1292 696 1344 tantam
713 1268 776 1342 srbi
804 1272 1048 1343 authoritatem
1070 1296 1111 1345 ac
1136 1277 1348 1369 potentiam,
1373 1297 1448 1351 non

255 1365 329 1439 sine
343 1370 490 1439 aliorum
505 1366 747 1458 negligentia,
771 1386 813 1435 ac
838 1363 1126 1459 pufillanimitatie
1149 1370 1255 1463 culpi
1280 1370 1445 1465 acquisie-

255 1484 358 1546 rant,
383 1475 423 1534 ut
438 1462 626 1556 quicquam
645 1462 760 1533 animo
778 1455 861 1533 esset
886 1460 1107 1546 collibitum,
1128 1466 1270 1535 tandem
1288 1464 1446 1546 fututum

253 1555 429 1631 certhsrbi
447 1554 717 1651 persuaderent,
748 1554 909 1648 quodni
939 1557 1213 1649 reprimeretur,
1247 1557 1443 1655 summaque

255 1654 306 1724 rei
325 1652 584 1747 quamprimum·
594 1651 636 1722 ad
653 1654 747 1723 viros
767 1651 878 1720 bonos
909 1651 1134 1724 reduceretur
1143 1707 1154 1741 „
1178 1654 1289 1725 atton
1308 1655 1374 1729 esse
1398 1662 1446 1733 de

253 1744 471 1843 Republici,
498 1750 577 1841 quia
590 1742 904 1831 dubitabat‘lQuae
928 1744 1114 1833 sententie,
1140 1772 1217 1821 cunr
1237 1750 1315 1843 post
1330 1757 1443 1827 variae

253 1844 518 1915 consultationes
541 1840 706 1933 Austrioco
727 1840 837 1934 mugit
858 1838 1035 1925 arrisisset,
1067 1847 1175 1937 pluria
1198 1844 1325 1919 seciens
1357 1844 1441 1923 het-

280 1941 405 2011 ublicae
436 1960 508 2009 non
534 1933 667 2020 deesse,
704 1958 808 2030 quam
831 1933 919 2017 fibi,
952 1934 1225 2013 Namurcumse
1254 1938 1439 2016 transferre

303 2037 378 2105 tuit
429 2034 562 2107 Verum
577 2052 659 2103 ante
675 2034 789 2105 omnia
807 2031 941 2104 neeesse
963 2054 1059 2117 erat,
1083 2032 1238 2129 Regem,
1262 2058 1366 2130 quam
1385 2062 1440 2113 ce-

252 2130 389 2204 lerrime‘
406 2128 449 2201 de
463 2130 623 2201 omnibus
632 2151 738 2221 ,quae
750 2129 948 2201 acciderant
958 2178 969 2215 ,
980 2127 1184 2225 &quteipse
1196 2130 1308 2203 facere
1319 2134 1439 2207 decre·

135 2280 139 2285 .
251 2244 368 2313 verat,
404 2247 551 2319 quaeque
578 2244 747 2316 preterea
777 2222 960 2309 Consiliis,
993 2220 1182 2319 coeptisque
1207 2224 1274 2300 suis
1300 2248 1439 2320 promo·

252 2321 375 2393 vendis
392 2341 482 2414 opus
498 2317 627 2407 essent,
648 2318 831 2411 pleniffime
850 2322 1036 2393 certiorem
1050 2316 1174 2394 facere.
1211 2321 1308 2393 Miht
1324 2327 1440 2416 iraque

252 2437 432 2510 antequam
451 2407 834 2488 discelluaNanrurtum
849 2412 1237 2507 versusdivulparetur,
1261 2419 1295 2488 in
1314 2418 1440 2512 Hispa·

251 2512 342 2583 niam
359 2533 424 2606 per
441 2532 550 2603 equos
567 2511 695 2582 celeres
720 2507 855 2602 (uulgo
873 2509 1034 2605 postam)
1072 2511 1280 2596 Escouedttttr,
1306 2535 1345 2587 ut
1366 2534 1440 2585 tan.

251 2628 356 2700 quem
373 2603 526 2707 present
546 2607 582 2676 in
597 2604 758 2677 omnibus
774 2602 941 2689 consiliis,
954 2603 990 2676 δι
1007 2602 1318 2679 consultationibus
1324 2656 1335 2694 ,
1352 2632 1438 2699 prae-

104 2745 106 2754 ι
176 2707 195 2795 J
250 2705 424 2796 cipuaque
437 2722 518 2793 pars
535 2701 688 2771 omnium
699 2750 708 2783 ,
721 2698 765 2769 tie
779 2700 939 2771 omnibus
953 2702 1086 2793 optime
1098 2694 1281 2772 instrutius
1290 2751 1302 2787 ‚
1315 2704 1439 2795 aRege

251 2797 355 2962 super
378 2796 452 2867 toti
474 2796 696 2888 negotiorum
717 2793 846 2867 summa
864 2793 1004 2867 abunde‘
1031 2793 1238 2961 inserpato,
1273 2819 1313 2869 ac
1342 2797 1440 2872 satis·

103 2944 110 2949 -
249 2890 284 2964 fa
321 2918 362 2976 o,
388 2889 588 2964 necessarias
602 2886 815 2985 provisiones
834 2889 965 2972 aerarii,
989 2911 1031 2963 ac
1061 2889 1133 2961 mili
1150 2914 1227 2973 um,
1253 2914 1355 2985 quam
1383 2919 1438 2968 ce·

247 2990 387 3061 lerrirne
402 2984 534 3082 posset,
557 2990 771 3081 impetraret.
820 2981 1002 3057 Profeuue
1021 2984 1070 3059 est
1087 2984 1204 3079 postea
1220 2984 1438 3063 Namurcum

112 3147 118 3160 ,
251 3134 260 3155 .
287 3138 295 3156 .
322 3138 332 3155 .
358 3137 366 3155 .
392 3082 515 3156 mensrs
535 3082 634 3175 Julii,
658 3082 849 3176 habuitque
872 3084 916 3153 ad
937 3081 972 3152 id
988 3104 1058 3155 tarn
1075 3080 1263 3177 speciosum
1289 3107 1440 3177 praetex-

177 3265 182 3271 ,
249 3202 343 3264 turn,
368 3197 408 3249 ut
424 3183 574 3253 caruerit
589 3178 685 3249 omni
707 3176 898 3272 suspicione
926 3177 1114 3271 proteum,
1148 3202 1189 3250 ac
1219 3176 1439 3255 Namurcen-

249 3274 300 3346 ses
330 3278 442 3347 multo
476 3299 556 3348 cum
579 3275 731 3361 honore,
765 3296 806 3349 ac
827 3272 951 3346 libenti
981 3277 1096 3347 animo
1127 3296 1206 3345 tum
1234 3278 1438 3368 receperint.

249 3370 471 3442 Adventabat
494 3395 539 3443 ex
570 3368 690 3442 Gallia
714 3392 778 3463 per
807 3368 1029 3441 Hannoniam
1066 3370 1279 3461 Margarita,
1307 3374 1439 3441 Hearici

249 3465 341 3539 tertii
361 3462 487 3537 Galliae
511 3466 618 3561 Regis
633 3463 747 3546 soror,
771 3462 876 3537 Uxor
893 3465 1023 3535 Hentier'
1040 3462 1147 3555 Regis
1179 3460 1372 3548 Navarrae‚
1398 3485 1438 3538 ut

247 3560 347 3653 aquia
362 3556 527 3651 Spadanis
549 3580 718 3647 uteretur,
744 3581 885 3650 eratque
900 3560 933 3631 ei
948 3561 1013 3631 iter
1029 3554 1212 3631 Namurco
1230 3553 1437 3632 faciendum.

207 3659 210 3664 ’
247 3652 602 3747 consueveremagni
623 3678 704 3727 curn
730 3658 864 3747 magnis
890 3655 926 3724 in
954 3653 1154 3747 hujusmodi
1177 3652 1436 3741 occasionibus,

245 3752 342 3844 regia
362 3744 596 3843 hospitalitate
616 3752 690 3832 urit
711 3750 925 3846 iustumque,
943 3772 984 3821 ac
1002 3748 1157 3824 debitum
1169 3748 1322 3823 officium
1343 3748 1436 3833 erat,

242 3848 434 3939 Protegem
461 3847 498 3916 in
515 3843 576 3916 suo
595 3846 772 3930 dominio,
797 3869 928 3920 tantam
939 3840 1152 3931 Heroinam,
1177 3844 1311 3919 affinem
1326 3840 1436 3939 Regin

242 3942 440 4026 Catholici,
463 3940 559 4011 omni
583 3942 764 4027 amicitie,
789 3966 830 4014 ac
848 3942 1101 4015 benevolentiae
1121 3938 1433 4029 demonstratione,

241 4042 414 4133 excipere.
465 4034 678 4132 Praeparauit
700 4038 817 4131 itaque
845 4037 895 4109 iili
924 4034 1114 4130 hospitium
1144 4034 1292 4129 superbi
1321 4035 1359 4109 su
1408 4039 1434 4109 l·

240 4134 374 4209 tethcle
406 4134 513 4228 longe
547 4134 811 4221 oratoriorum,
846 4131 1035 4226 sumptibus
1068 4132 1234 4228 Reginae,
1259 4134 1348 4206 totiu
1366 4156 1434 4226 que

238 4236 311 4323 ejus
323 4228 519 4303 Comitatus
539 4252 616 4304 toto
632 4228 815 4303 manfionis
826 4250 1002 4323 ternpore,
1013 4230 1154 4321 largiter
1164 4227 1341 4323 provisum
1357 4227 1433 4316 est,

235 4325 394 4422 interque
409 4330 488 4402 aliar
508 4329 645 4425 epulus,
672 4328 1075 4495 tripudiafilcoeteraque
1095 4327 1230 4403 laetitiae'
1247 4344 1350 4495 aopue
1378 4324 1431 4430 11ιί-

522 4486 527 4493 .
900 4444 921 4495 a
1297 4434 1427 4493 arrtaut
