3984 5167
563 512 648 605 400
705 478 740 588 J.
767 476 814 567 B.
849 496 923 564 Du
960 468 1213 565 TASSIS
1253 450 1642 569 COMMENT.

418 708 521 785 1579·
563 664 759 766 „diminui
782 648 852 735 ant'
860 654 1006 755 infringi
1028 658 1101 731 ulla
1122 659 1161 730 in
1188 678 1228 730 ro
1251 654 1420 737 Edidium
1441 666 1688 758 perpetuum,
1722 662 1764 741 u

565 816 594 864 „
615 765 708 837 hunc
727 759 911 833 uallatum
925 758 961 830 in
980 755 1061 827 ullis
1077 753 1147 829 suis
1170 754 1309 849 punctis
1328 755 1367 829 u
1383 757 1564 847 articulis,
1591 782 1659 833 nec
1688 782 1766 855 pet-
1844 794 1854 826 0

568 912 597 960 ,‚
618 858 757 935 mittere
774 857 857 929 ullis
872 852 1042 928 militibus
1061 850 1249 947 iugrellum
1273 868 1335 924 aut
1355 850 1535 925 tranfitnm
1550 857 1588 927 in
1603 856 1769 952 praejudi-

568 1008 597 1055 ,‚
617 957 710 1031 cium
734 956 859 1027 harum
883 945 1171 1037 Provinciamm,
1197 948 1237 1023 δι
1260 949 1305 1019 de
1334 945 1390 1022 his
1416 953 1578 1025 omnibus
1605 952 1771 1047 praestare

569 1050 889 1151 „jusjurandum
917 1064 983 1119 nec
1014 1067 1089 1120 non
1122 1044 1384 1149 instrumentum
1405 1048 1586 1142 publicum
1607 1044 1649 1121 dc
1680 1046 1770 1124 suffi-

568 1201 598 1249 „
620 1150 715 1223 ciens
728 1173 740 1233 ;
751 1140 1045 1243 quemadmodum
1057 1140 1285 1217 etiamStatus
1294 1142 1475 1238 reciproce
1488 1142 1600 1220 exsua
1610 1168 1710 1243 parte
1717 1145 1769 1239 faf

570 1298 599 1345 „
616 1244 713 1321 cient
723 1243 877 1317 debitum
887 1236 986 1311 suum
993 1235 1146 1313 officium
1154 1238 1200 1309 ad
1208 1241 1370 1313 eumdem
1380 1237 1501 1329 finem,
1509 1261 1548 1315 ut
1557 1247 1767 1319 commercia

572 1397 600 1441 ,‚
622 1336 1005 1415 &communicationes
1013 1332 1331 1411 finttnta&libera
1340 1338 1430 1409 inter
1438 1340 1546 1411 distas
1557 1336 1769 1433 Provincias,

573 1490 602 1537 ,‚
622 1440 719 1513 omni
735 1459 816 1511 cnm
837 1429 1018 1507 securitate
1032 1452 1140 1525 prout
1156 1430 1255 1505 inere
1275 1433 1492 1528 temporibus
1506 1437 1703 1531 praeteritis

576 1606 580 1615 ,
623 1583 652 1629 ,,
674 1530 791 1607 CCll.
818 1526 953 1604 Omnes
970 1528 1115 1623 Captivi
1138 1531 1314 1624 utrimque
1337 1530 1531 1605 liberentur
1557 1532 1668 1606 statim
1695 1535 1771 1631 post

573 1682 602 1731 ‚,
624 1626 945 1729 promulgationem
966 1622 1205 1719 praesentium,
1233 1646 1404 1719 quatenus
1425 1650 1528 1702 emnt
1562 1629 1599 1704 in
1618 1627 1771 1727 ipsorum

572 1780 604 1827 ‚,
625 1722 817 1825 potestate,
835 1720 905 1797 stne
927 1721 1001 1793 ullo
1023 1720 1275 1815 redemptionis
1289 1723 1416 1817 pretio.
1453 1760 1461 1775 ·

626 1873 653 1918 ,‚
676 1818 808 1897 CCIII.
837 1816 1022 1906 Quantum
1040 1818 1084 1891 ad
1104 1818 1197 1890 bona
1211 1822 1382 1906 detenta,
1410 1818 1593 1907 arrestata,
1620 1820 1656 1895 dc
1682 1846 1771 1897 con-

578 1972 606 2019 „
628 1920 737 1995 masta
758 1919 842 1991 hinc
859 1916 941 1989 inde
960 1915 980 1987 l
996 1910 1244 2010 Pacificatione
1260 1914 1501 1999 Gandavensr,
1533 1920 1656 1990 tamin
1680 1916 1772 1993 infe·

576 2064 607 2112 ‚,
629 2016 778 2090 rioribus
796 2010 920 2086 nostris
941 2008 1161 2097 Provinciis,
1186 2034 1289 2105 quam
1315 2014 1352 2081 in
1375 2010 1605 2107 Burgundii,
1627 2017 1778 2109 quilibet
1885 2050 1887 2063 ·

580 2111 759 2208 „redibit
799 2108 913 2181 statim
937 2109 983 2181 ad
1009 2106 1102 2181 bona
1130 2108 1190 2179 sua
1221 2108 1438 2195 immobilia,
1474 2130 1586 2202 prout
1607 2114 1774 2185 etiamad
1885 2144 1887 2191 ι

581 2252 605 2288 n
631 2208 774 2283 mobilia
789 2224 960 2301 quatenus
986 2224 1059 2275 nun
1083 2201 1211 2283 fuerint
1227 2206 1374 2291 alienata
1394 2205 1605 2279 authoritate
1623 2204 1660 2281 δι
1682 2232 1777 2281 man·

582 2356 612 2401 ‚,
633 2306 717 2380 dato
731 2301 907 2399 judiciali,
925 2302 984 2383 vel
1006 2320 1071 2392 per
1093 2296 1311 2395 magistratus
1336 2300 1380 2373 ad
1397 2300 1435 2373 id
1460 2300 1602 2376 coactos
1627 2308 1778 2377 tumultu
1885 2288 1887 2331 Ι

584 2452 614 2498 „
635 2401 820 2497 populari,
849 2396 1032 2493 inquibus
1060 2395 1403 2563 comprehendentur
1428 2397 1521 2469 bona
1558 2402 1778 2495 captivomm

553 2508 612 2595 '„
634 2499 854 2571 detentorum
886 2491 1129 2565 iGandaven
1143 2492 1221 2565 rbus
1247 2490 1286 2563 dt
1312 2494 1387 2565 aliis
1408 2488 1477 2565 suae
1507 2490 1679 2569 sallionis.
1725 2495 1779 2569 Et

583 2638 608 2675 ‚‚
633 2595 749 2691 quoad
767 2590 898 2665 reditus
916 2592 952 2665 dt
975 2610 1081 2663 onera
1096 2580 1213 2682 super,
1224 2586 1344 2661 iisdem
1354 2589 1476 2677 bonis,
1500 2588 1779 2665 observabuntur

585 2743 615 2787 ,‚
635 2714 677 2765 ea
692 2710 772 2785 qnae
787 2682 949 2781 dispofita
968 2684 1046 2757 sunt
1062 2684 1197 2757 decimo
1213 2705 1338 2778 quarto
1352 2686 1390 2759 δι
1417 2683 1517 2757 sexto
1543 2687 1696 2762 articulis
1714 2685 1780 2761 Pa·

545 2822 563 2845 ··
586 2837 615 2881 „
636 2784 840 2867 eificationis
855 2777 1119 2865 Gandavenfis,
1133 2778 1254 2853 habito
1270 2776 1424 2873 respectu
1439 2780 1485 2853 ad
1504 2782 1595 2853 diem
1619 2787 1778 2857 nativita-

584 2930 615 2978 „
636 2884 681 2955 tis
699 2880 788 2953 Divi
794 2879 933 2972 Jvonm'r
948 2874 1102 2972 Baptista
1119 2877 1201 2963 anni
1226 2874 1396 2951 millesimi
1419 2878 1684 2975 quingentelimi
1703 2880 1781 2979 sep-

588 3022 617 3073 „
639 2974 817 3069 tuageiimi
836 2975 931 3047 noni.

635 3120 665 3167 „
687 3071 838 3145 CCIV.·
860 3070 1149 3145 Manutennim‘us
1170 3070 1208 3148 dc
1237 3072 1343 3144 etiam
1376 3091 1636 3167 manutenemus
1657 3096 1782 3149 omnes

586 3217 616 3266 υ
640 3166 903 3243 Gubematores
934 3166 1120 3241 modernos
1148 3163 1431 3256 provinciarum,
1457 3166 1632 3257 Urbium,
1662 3170 1781 3245 Loco

588 3317 617 3361 „
635 3290 734 3354 rum,
766 3262 804 3337 δι
830 3262 1061 3337 Castellornm
1086 3264 1383 3336 reconciliatorum
1405 3264 1465 3359 qni
1481 3262 1660 3339 constituti
1680 3266 1782 3343 fuere

585 3413 616 3457 „
638 3384 719 3437 ante
746 3358 923 3437 discessum
950 3359 1125 3452 quondam
1154 3356 1262 3433 nostri
1293 3360 1494 3434 uleuiffimi
1527 3385 1570 3434 ac
1599 3362 1784 3447 cbafnlsrmi

587 3508 617 3553 „
638 3458 769 3532 Fratris
779 3456 924 3541 Domini
937 3452 1075 3548 Joannr's
1085 3454 1249 3551 Adstricti
1263 3454 1308 3526 ad
1331 3458 1503 3624 oppidum
1527 3456 1785 3551 Namurcense,

587 3604 617 3651 „
637 3557 689 3627 uti
703 3548 1351 3646 euamaliosulos,quibusprovisume
1399 3552 1782 3640 deGubernationibns

587 3648 841 3757 „vacantibus
865 3670 928 3744 per
951 3668 1114 3721 mortem.
1148 3644 1412 3744 Sedqnantnm
1436 3651 1482 3723 ad
1496 3646 1782 3746 Gubernationes

587 3794 615 3841 „
636 3742 794 3842 provisas
808 3766 873 3839 per
895 3747 1039 3817 modum
1057 3741 1285 3838 provisionis,
1311 3763 1468 3842 propter·
1480 3748 1724 3843 captivitatem
1743 3752 1780 3824 dt

585 3842 870 3938 „detentionem
892 3840 1120 3935 quorumdam
1138 3837 1399 3926 Dominorum,
1434 3842 1505 3917 hoc
1535 3851 1782 3923 tantummodo

581 3987 612 4034 ,‚
632 3938 804 4034 usquead
822 3934 1076 4013 restitutionem
1095 3931 1315 4009 &reditum
1340 3938 1514 4010 diuorum
1536 3938 1780 4016 Domitiorum

580 4084 611 4134 ‚,
632 4039 883 4129 captivorum,
924 4034 973 4105 ita
998 4050 1133 4112 tamen,
1158 4026 1245 4104 utii
1275 4033 1358 4106 dieti
1389 4032 1534 4131 Captivi
1566 4038 1783 4130 moriantur,

577 4179 611 4227 ,‚
629 4151 716 4213 ,tunc
734 4130 959 4227 provideatur
969 4128 1071 4223 juxta
1089 4128 1276 4217 articulum
1291 4129 1467 4205 decimum
1484 4132 1660 4220 octavum·
1684 4128 1785 4207 Pro-

577 4274 610 4322 „
630 4229 799 4303 mittimus
816 4245 985 4322 praeterea
1002 4224 1115 4298 nullos
1126 4246 1252 4299 eorum
1271 4222 1468 4315 semovere,
1480 4222 1783 4325 qnatenus'se‘euti

578 4372 610 4422 „
631 4322 760 4399 fuerint
783 4342 899 4419 partes
929 4318 1106 4397 Ordinum
1134 4322 1354 4420 temporibus
1367 4324 1496 4404 homm
1524 4346 1713 4415 motuum,
1735 4350 1785 4401 ac

1615 4466 1640 4508 rr
1662 4421 1790 4502 defen·
