3984 5167
340 476 1431 697 utnnnsuaurmun'4w

230 748 325 847 quod
346 745 406 821 snb
425 744 587 842 Parmenst
606 743 722 858 invite
738 742 1024 833 administrabat,
1052 758 1180 838 ageret.
1229 739 1349 831 Quam
1371 746 1419 821 ob
1478 748 1585 866 1519.Ι

226 866 298 918 rem
322 844 470 917 Martum
494 864 653 937 rogavit,
672 866 748 917 earu
765 864 908 938 operam
922 838 984 913 sibi
1001 840 1193 934 prestaret,
1218 860 1419 917 neveocca·

223 936 376 1023 sionem,
400 935 515 1031 liqna
549 940 712 1026 daretur,
737 942 939 1034 negligeret.
976 934 1041 1008 Ille
1067 956 1156 1009 vero
1186 934 1350 1010 sollicitus
1373 940 1417 1011 de

221 1036 322 1107 rebus
345 1030 492 1107 Gallicis
506 1032 661 1109 obscuris
676 1036 811 1121 adhuc,
837 1036 875 1110 δι
893 1032 1062 1115 incertia,
1076 1029 1216 1126 suoqne'
1230 1052 1300 1103 nou
1325 1034 1415 1106 adeo

219 1130 361 1225 ingenio
377 1128 507 1219 fidens,
530 1132 614 1224 quin
640 1134 828 1226 plurimum
856 1126 985 1203 referre
1014 1126 1249 1222 intelligeret,
1287 1128 1416 1201 habere

217 1230 392 1320 aliquem,
417 1229 477 1319 qui
493 1228 606 1321 qualis
621 1249 737 1300 earum
754 1223 871 1298 versus
895 1222 974 1301 effer
998 1223 1103 1297 status
1124 1278 1135 1313 ,
1160 1224 1316 1319 quidque
1338 1220 1414 1318 spei

213 1323 459 1417 promitterent
474 1344 544 1395 una
561 1320 674 1395 secum
690 1323 901 1417 exploraret.
950 1320 1124 1393 Praeterea
1142 1343 1221 1393 cum
1236 1342 1307 1393 non
1322 1318 1412 1393 bene
1572 1335 1574 1338 ·

215 1422 308 1492 inter
329 1420 512 1504 eumdem,
530 1416 566 1489 δι
585 1416 812 1489 Brmardlnurrr
825 1416 996 1509 Legatum
1012 1414 1239 1500 conveniret,
1263 1413 1410 1490 forsitan
1452 1389 1598 1533 ΒΨ·

217 1516 257 1589 &
285 1515 356 1585 hoc
379 1534 460 1585 eum
481 1513 642 1606 impulit,
676 1534 715 1587 ut
746 1512 876 1585 habere
900 1509 1034 1589 socium
1063 1530 1277 1605 expeteret,
1312 1519 1409 1607 cujus
1449 1485 1598 1619 mu,

216 1607 346 1687 auxilio
369 1608 552 1703 imperium
568 1607 718 1703 ejusdem
738 1610 855 1704 aliquo
874 1608 979 1680 modo
996 1605 1183 1680 refrenaret
1208 1632 1220 1687 3
1244 1607 1407 1697 Parmenss
1450 1620 1566 1697 Taffiun

212 1701 379 1803 persuasit
397 1707 532 1777 mittere
554 1707 685 1797 sufflatu
706 1704 822 1779 secum
846 1702 1048 1786 Lutetiam,
1072 1724 1112 1776 ur
1131 1700 1178 1775 stc
1193 1725 1274 1776 curn
1290 1726 1406 1776 rever·
1447 1697 1484 1768 11
1494 1705 1558 1761 Mn

212 1822 367 1885 teretur,
396 1798 532 1893 plene,
559 1822 600 1873 ac
624 1798 778 1875 veredo
802 1800 962 1874 omnibus
985 1800 1105 1872 itrstrui
1128 1796 1251 1911 posset.
1294 1799 1405 1889 Quod
1450 1794 1597 1913 gunano

213 1920 295 1972 cum
316 1916 385 1968 nou
403 1892 585 1969 absurdum
601 1894 763 1990 Pormrnfi
783 1894 983 1980 videretur,
1011 1894 1113 1986 sufflo
1135 1894 1242 1987 ruffit,
1259 1898 1406 1973 uticum
1446 1874 1576 1993 ,iriam

212 1994 326 2067 Murro
342 1994 525 2086 pecuniam
549 1990 674 2085 (cujus
693 1992 797 2089 supra
813 1992 945 2065 mentio
971 1988 1306 2082 satiabatfferente,
1337 1997 1403 2063 La·
1451 2010 1525 2070 burt

216 2091 329 2185 teriam
344 2085 377 2160 se
392 2086 559 2162 conseret.
593 2086 680 2175 Quo
698 2112 777 2163 cum
792 2085 958 2161 venissent
977 2086 1088 2160 mense
1107 2085 1306 2160 Novembri
1322 2088 1405 2161 dieti
1447 2090 1561 2164 Mateta

162 2184 166 2193 ⁴
211 2186 295 2261 anni
313 2204 334 2255 a
352 2184 541 2257 bernardino
564 2184 701 2279 Legato
727 2184 923 2261 humaniter
940 2179 1095 2275 hospitio
1119 2182 1217 2256 suere
1240 2187 1406 2279 excepti,-
1446 2182 1497 2227 ”⁰-

211 2306 286 2357 nnn
304 2280 397 2355 enim
413 2278 529 2353 suisset
548 2284 673 2355 rationi
690 2280 978 2364 consentaneum,
1000 2280 1048 2350 ob
1065 2277 1215 2372 aliquam
1232 2282 1407 2374 privatam

210 2376 444 2463 simultatem,
470 2376 621 2471 publicis
644 2397 730 2451 tunc
754 2378 924 2470 temporis
954 2395 1082 2446 nocere
1105 2374 1238 2460 rebus,
1263 2377 1408 2470 publicai

209 2472 396 2549 discordiae
408 2471 707 2546 demonstratione.
733 2471 855 2566 Itaque
871 2473 981 2544 amice
996 2470 1087 2543 inter
1103 2491 1164 2543 eos
1179 2473 1296 2543 orunla
1310 2470 1406 2558 atta,

210 2566 480 2664 manseruntque
491 2568 621 2641 Murrus
637 2568 675 2642 δι
685 2563 810 2663 Tafflus
825 2586 889 2662 per
906 2566 1039 2661 aliquot
1054 2565 1129 2637 diet
1142 2565 1236 2660 apud
1246 2570 1408 2641 eumdem

209 2666 411 2760 Legatum,
430 2664 547 2738 donec
565 2666 728 2752 tandem,
749 2684 792 2736 ne
805 2663 908 2737 nimis
928 2663 1043 2737 arnico
1057 2656 1165 2736 essent
1179 2662 1300 2751 oneri,
1325 2664 1409 2738 aliar

128 2804 133 2809 ·
210 2761 279 2839 fibi
301 2759 394 2834 aedes
412 2760 624 2835 conduxere.

264 2852 381 2933 Lvlt.
393 2855 501 2931 Anno
518 2862 574 2948 89.
584 2855 670 2932 nihil
680 2857 716 2933 in
724 2856 849 2955 Belgio
858 2876 1051 2933 memoratu
1061 2855 1205 2953 dignum
1216 2850 1410 2951 isarmenfi

210 2953 350 3053 gestum
379 2950 443 3027 nist
466 2957 684 3051 recuperatio
710 2958 809 3031 Dine
833 2956 998 3030 Grrtrrtdae
1025 2957 1178 3050 Bergae,
1203 2954 1310 3047 idque
1334 2956 1407 3030 hoc

209 3050 336 3126 modo.
376 3046 490 3124 Erant
514 3052 551 3127 in
573 3072 617 3125 eo
640 3054 805 3151 oppido,
830 3052 959 3147 diuque
988 3048 1127 3125 inerant
1152 3051 1189 3123 iu
1220 3048 1407 3146 praesidio,

208 3166 287 3222 tret
308 3148 465 3244 equitum
481 3167 625 3237 turmae,
645 3148 813 3225 confeeiae
832 3148 1034 3233 exincolis,
1051 3138 1133 3223 viri·
1144 3148 1407 3223 continuobelli

205 3266 456 3339 armorumque
480 3242 541 3317 usu
563 3245 844 3329 exmcitaiiiiimi,
868 3246 995 3341 quibus
1015 3264 1089 3321 erat
1106 3248 1211 3318 morit
1231 3243 1407 3318 continuis

110 3384 115 3391 ·
206 3343 249 3415 in
273 3340 494 3417 Brabantiam
519 3339 776 3417 excursionibus
803 3364 929 3418 vacare
958 3364 970 3428 3
1020 3338 1407 3436 depraedationibusque

205 3457 286 3511 non
301 3454 435 3511 tantum
451 3434 604 3521 vibium,
623 3438 838 3515 &amisium
858 3438 924 3535 (ut
943 3436 1066 3531 ajunt)
1091 3457 1215 3509 verum
1231 3436 1339 3512 etiam
1353 3438 1407 3512 di·

203 3530 316 3611 vitias
335 3532 476 3605 abunde
492 3532 555 3607 srbi
570 3556 796 3631 comparare,
820 3537 869 3609 ita
888 3551 927 3604 ut
949 3532 993 3604 ad
1017 3530 1174 3607 exustam
1192 3533 1319 3627 oppidi
1340 3554 1406 3607 cu·

205 3629 375 3710 stodiam,
394 3625 481 3699 nihil
498 3629 569 3703 illia
583 3629 734 3707 obstaret
744 3626 901 3726 negiesta
918 3626 1169 3723 stipendiorum
1183 3625 1321 3701 solutio.
1345 3630 1404 3702 Eo

204 3747 329 3805 tamen
343 3724 428 3796 vitae
442 3746 575 3817 genere
586 3727 634 3799 ita
654 3728 845 3802 dominium
868 3725 1019 3801 civitatir
1036 3722 1101 3797 libi
1121 3727 1404 3820 applicaverant,

205 3840 253 3900 ut
270 3840 352 3895 cum
367 3818 441 3914 ejus
455 3821 526 3893 loci
542 3818 748 3909 Dominus,
775 3824 878 3896 comer
905 3824 1083 3899 Mauritius
1111 3842 1172 3893 eos
1196 3821 1277 3894 inde
1298 3822 1405 3895 vellet

206 3918 404 4001 excedere,
421 3910 491 3989 aust
510 3914 640 3991 suerint
656 3922 764 3992 variis
776 3917 1001 4012 subterfugiis
1017 3914 1214 4012 Principem
1231 3916 1404 4003 illudere3

206 4012 306 4107 unde
325 4013 387 4085 ille
401 4034 598 4089 commotus
610 4066 621 4101 ,
635 4017 796 4112 ,primum
805 4016 907 4091 minis
925 4012 1240 4109 agere,tandem&
1256 4014 1300 4086 ad
1310 4036 1405 4089 arma

208 4115 363 4187 animum
378 4108 510 4197 vertit,
533 4109 639 4206 vique
654 4134 714 4185 eor
733 4114 778 4187 ad
794 4111 1030 4192 obedientiam
1045 4109 1259 4205 compellere
1285 4111 1405 4185 decre·

207 4206 279 4283 vit.
312 4202 451 4302 Quibus
467 4208 573 4281 rebus
587 4206 859 4295 animadversis,
894 4204 1016 4281 misere
1036 4204 1080 4280 ad
1104 4206 1323 4295 Parmrnlem,
1342 4211 1404 4303 qui

208 4302 253 4377 ei
272 4305 481 4391 nuntiarent,
504 4300 573 4378 sese
589 4326 729 4401 parator
746 4302 801 4381 Re
827 4306 1035 4381 icivitatem
1058 4303 1206 4390 dedere,
1230 4301 1256 4375 li
1278 4324 1406 4399 prate-

209 4395 286 4483 tita
317 4400 584 4497 qualiacumque
608 4398 726 4485 iurent
752 4328 948 4499 uitegem
974 4396 1150 4479 commissa
1169 4398 1405 4483 condonaret,
1489 4418 1493 4423 ·
1539 4410 1544 4417 ·

214 4555 219 4566 .
264 4486 418 4572 semsi.
441 4494 524 4577 Ptrr
542 4518 575 4573 a.
766 4572 768 4577 ,
891 4495 978 4575 Rrr
1277 4510 1408 4571 turmas
