3984 5167
441 473 772 582 tinen·
824 473 1073 570 unum
1102 466 1221 571 uu
1368 481 1448 594 rt,

112 684 138 767 J
265 734 270 743 ,
303 667 352 740 Β.
393 667 646 756 Alteravertic
683 689 764 764 quae
781 667 900 744 secuta
911 670 985 756 est,
1010 669 1313 757 dinianica,
1339 668 1447 740 Fordi-
1492 687 1594 771 1572,

109 789 114 810 1
250 765 395 834 nandum
412 786 433 832 a
451 763 558 836 solede
574 788 654 836 cum
676 767 815 860 legione
831 763 1148 839 misttHariemium
1164 764 1299 850 versut,
1317 788 1356 839 ut
1369 763 1447 838 sub·

257 858 359 930 urbia
378 857 467 930 Divi
483 857 610 933 Lazari
624 881 826 954 occuparet.
874 860 1036 957 Erupe‘te
1063 860 1179 933 hostes
1189 909 1203 946 ,
1225 862 1286 952 qui
1301 859 1446 936 incensa

181 1039 183 1043 Ι
246 956 390 1044 ,aliquot
409 955 567 1029 domibus
589 977 670 1028 eum
686 955 730 1028 ab
753 957 914 1030 instituto
940 957 1126 1030 removere
1153 973 1356 1036 tentarunt,
1386 956 1446 1028 sed

103 1137 104 1146 ἵ
254 1047 389 1137 frustra.
414 1049 537 1144 Itaque
555 1052 598 1122 in
614 1051 793 1126 civitatem
808 1049 955 1216 refulsi,
978 1049 1126 1125 liberam
1140 1047 1307 1146 Hispanis
1323 1051 1445 1122 castra·

109 1153 124 1216 ‚²
246 1143 405 1218 ‘metandi
418 1143 626 1238 potestatem
641 1148 819 1240 reliquere.
863 1147 909 1220 lie
927 1147 1019 1220 verti
1039 1147 1186 1228 exinde,
1211 1144 1320 1240 quim,
1339 1148 1447 1218 celer-

252 1238 1446 1428 {tutuisui:utuuuuszit⁵{tumuitus

253 1431 377 1502 cinxit.
428 1430 484 1502 Co
511 1430 592 1502 ebat
608 1435 673 1502 ‘am
697 1432 958 1506 tunc-Aurium
981 1434 1121 1525 copias,
1144 1433 1273 1525 quibus
1287 1429 1443 1514 obsesiit,
1475 1461 1589 1537 om„
1695 1469 1702 1478 ·

253 1527 359 1597 rebus
380 1546 464 1598 nece
494 1525 573 1598 ariis
596 1453 816 1614 subveniret,
837 1549 889 1602 eae
914 1550 958 1600 ue
980 1527 1153 1598 Numicum
1181 1527 1202 1566 ¹⁸
1238 1527 1254 1620 (
1300 1528 1371 1600 nod
1395 1524 1445 1600 est
1476 1544 1606 1603 Harena

255 1641 368 1715 pagus
386 1622 423 1692 in
441 1617 613 1786 Lessdensi
629 1621 711 1716 via)
737 1621 846 1694 tribus
872 1550 1055 1696 siatlemio
1084 1619 1213 1693 distans
1234 1551 1442 1710 miiiatibut,

254 1717 466 1787 advenerant
519 1737 584 1798 uce
607 1719 764 1808 Lutneyo,
788 1718 868 1812 qui,
893 1719 987 1812 quod
1013 1717 1050 1788 in
1073 1716 1244 1789 mandatis
1268 1716 1444 1802 habebat,
1581 1715 1594 1734 ‘

254 1827 485 1896 executurus,
508 1811 716 1896 duodecimi
726 1809 934 1886 Decembris
947 1814 1027 1886 inde
1044 1810 1174 1884 movit:
1199 1813 1444 1887 acexercitun

197 1947 199 1952 ·
252 1925 405 2000 quatuor
423 1905 567 1980 millium
583 1910 761 2002 peditum,
787 1930 828 1982 ae
850 1907 1080 1989 ducentorum
1092 1910 1268 2002 equitum,
1293 1929 1374 1981 cum
1384 1912 1444 1980 ali·

153 2049 156 2056 -
252 2021 343 2098 quot
359 1999 565 2075 Bombatdis
586 2001 852 2097 campestribus,
878 2004 1039 2098 HiHegum
1060 1999 1181 2097 (quod
1196 2001 1247 2076 est
1263 2023 1377 2098 pagus
1391 2007 1443 2076 vi·

250 2099 364 2170 ciniot
379 2093 586 2191 Harlemio)
604 2101 697 2173 unde
714 2099 759 2174 eo
775 2095 891 2174 versus
907 2099 1074 2193 patebant
1084 2097 1172 2170 duae
1190 2099 1286 2183 viae,
1310 2119 1380 2172 una
1397 2099 1442 2170 ad

251 2193 390 2275 levam,
416 2216 496 2288 quae
520 2191 643 2270 Dunas
669 2195 734 2292 (ut
752 2195 908 2289 vocant)
934 2192 1178 2302 attingebant,
1202 2195 1337 2274 altera,
1362 2215 1448 2287 quae·

250 2287 350 2362 seeo
363 2291 501 2362 tramite
516 2290 667 2362 ducebat
682 2293 725 2364 ad
742 2313 863 2364 nemus
883 2291 977 2386 quod
993 2290 1130 2364 civitati
1147 2291 1334 2370 imminet,
1361 2311 1442 2361 cum
1562 2344 1564 2347 -
1759 2307 1763 2314 ·

246 2379 408 2482 jamsero
424 2381 648 2470 effet‚duxit.
1014 2391 1018 2401 '
1577 2385 1581 2394 ’

177 2545 182 2558 .
300 2477 368 2552 LI.
398 2479 569 2556 Postridie
602 2483 673 2574 eJus
704 2481 798 2566 diei,
837 2500 916 2574 quae
938 2495 1012 2553 erat
1028 2476 1162 2552 decima
1179 2478 1280 2552 tertia
1293 2477 1441 2566 mensu,

248 2569 356 2648 Divae
373 2579 481 2647 Latio
502 2575 652 2659 sacrata,
675 2573 805 2650 summo
827 2573 928 2647 mane
954 2571 1075 2668 copias
1097 2573 1141 2644 ad
1164 2595 1321 2668 pugnam
1337 2593 1444 2648 extra

109 2723 114 2730 .
252 2667 417 2762 Hillegum
438 2689 646 2764 opportuno
661 2676 706 2742 ‘in
729 2673 811 2744 loco
827 2667 1012 2765 disposuit,
1030 2666 1146 2744 tribus
1165 2667 1264 2741 missis
1288 2670 1443 2743 cohorti·

180 2791 184 2796 ·
250 2763 339 2847 bus,
364 2785 442 2858 quae
457 2785 522 2859 per
540 2767 658 2850 viam,
685 2789 765 2862 quae
780 2767 871 2838 recte
886 2764 930 2838 ad
949 2763 1128 2837 civitatem
1146 2765 1314 2851 ducebat,
1349 2767 1444 2838 inee-

251 2862 393 2948 detent,
418 2883 497 2935 eum
512 2862 703 2948 mandatis,
728 2883 888 2955 utquam
902 2857 1050 2932 maximi
1113 2855 1442 2936 ssentceleritateeo

247 2948 660 3054 pervenireniterentur.
686 2957 862 3030 studentes
879 2977 995 3030 mente
1012 2953 1059 3026 ho
1091 2954 1162 3026 ‘um
1176 2956 1442 3052 'cognitaigno
1538 3048 1541 3053 ¹

248 3075 333 3126 rans
349 3074 485 3140 tamen,
511 3054 607 3147 quod
624 3055 818 3128 tamvicini
842 3048 975 3140 essent,
1001 3074 1045 3124 ex
1071 3053 1242 3126 iuraturus
1260 3053 1345 3146 quid
1362 3074 1442 3148 age·

249 3169 350 3238 rent,
376 3150 497 3225 eodem
515 3149 573 3222 die
588 3148 758 3225 sexcentis
781 3147 1020 3243 schlopetttiis
1092 3148 1099 3161 '
1117 3149 1217 3241 panis
1238 3151 1442 3228 comitatus,
1501 3202 1505 3210 .

243 3241 330 3338 jussa
344 3243 503 3340 subsequi
519 3245 656 3340 legione
667 3243 880 3321 Germanici
890 3241 1042 3319 Comitis
1056 3239 1267 3333 Eberliemt‘i,
1280 3243 1441 3336 sstliegum

245 3341 365 3412 versus
408 3365 444 3412 er
457 3342 552 3414 viam
569 3341 691 3414 Dunas
709 3345 963 3437 attingentem,
986 3335 1084 3410 misso
1093 3357 1161 3429 pet
1173 3338 1314 3408 alteram
1325 3332 1450 3408 Garciu
1536 3361 1541 3369 ·

248 3431 357 3505 Zuurt
417 3435 570 3527 ispanico
589 3433 780 3522 Praefecto,
797 3437 876 3512 viro
898 3432 1040 3506 strenuo
1062 3451 1142 3502 cum
1168 3429 1328 3504 ducentis
1354 3428 1440 3502 scio-
1477 3526 1480 3530 ι
1571 3524 1574 3530 I

246 3529 389 3624 petariis
407 3527 596 3622 Hispanis,
621 3554 687 3605 nec
709 3555 780 3605 non
798 3529 1050 3624 quinquaginta
1073 3524 1245 3619 equitibus
1260 3523 1440 3620 professus

250 3621 329 3712 est,
354 3620 490 3718 unique
507 3625 749 3712 Noirtotmt'ut,
774 3628 1011 3711 Romerut„ac
1028 3622 1182 3696 Dominus
1197 3617 1441 3718 stsreffoniere,

250 3720 311 3794 cui
338 3735 593 3793 tormentorum
618 3720 822 3796 bellicorum
843 3717 1090 3796 administratio
1109 3710 1296 3807 commissa
1347 3714 1441 3790 Cum

250 3835 366 3888 autem
387 3812 490 3886 ambo
507 3811 544 3884 hi
562 3813 704 3901 Duces,
730 3817 911 3890 Fredetitut
939 3814 999 3888 sua
1025 3818 1104 3897 via,
1130 3812 1251 3885 Zuum
1274 3812 1381 3886 altera
1403 3814 1441 3887 δι

153 3957 166 3967 -
250 3912 311 3984 hic
329 3909 437 4006 paulo
456 3928 556 3996 ante,
582 3927 687 4006 atque
705 3910 751 3984 fic
769 3935 842 3985 uno
859 3911 954 4000 sere,
981 3913 1176 4004 eodemque
1202 3909 1441 4004 tempore,·in

249 4005 383 4081 hostem
397 4001 612 4092 incidissent,
637 4028 707 4078 tam
723 4005 861 4080 sortiter
876 4004 943 4078 sese
964 4003 1116 4102 gessere,
1140 4023 1180 4075 ut
1198 4017 1267 4078 tres
1290 4003 1367 4076 iliae
1381 4025 1442 4077 co·

248 4105 386 4188 hortea,
403 4102 557 4185 breviori
570 4099 629 4176 vii
643 4099 860 4183 Hatlemium
869 4099 980 4178 missas
988 4152 1003 4192 ,
1028 4101 1069 4178 &
1081 4104 1254 4195 Lauuyuut
1273 4119 1443 4274 cozbom

310 4228 314 4237 .
644 4249 656 4256 Π
1381 4219 1442 4286 ω,
