3984 5167
366 530 666 679 nrn'un
726 573 1218 680 ocrnvus.
1336 584 1415 702 521

225 805 247 843 η
269 776 386 931 queat.
412 756 579 836 Hincest
593 757 681 833 illud
698 760 907 874 praclarum
926 759 1151 869 exemplum,
1170 732 1267 855 quod
1285 756 1421 869 sanstis-
1459 780 1567 856 1592.

283 876 373 933 rmus
391 850 495 933 Pater
519 856 634 933 noller
651 854 829 932 Dominus
844 859 986 933 Clemens
1006 856 1027 896 *
1044 852 1211 930 Ponrrfex
1227 876 1417 944 maxumus,
1439 905 1457 944 ,
1479 902 1547 966 cte·

222 900 359 1035 :inter
386 975 439 1029 tot
463 954 667 1049 procellas,
706 978 747 1029 ac
774 955 931 1029 turbines
958 954 1098 1029 clavum
1129 976 1222 1027 nunc
1252 951 1418 1025 Ecclefiae
1440 1000 1520 1040 mene

164 1084 168 1093 ·
221 1094 244 1130 n
268 1073 391 1148 regens
415 1052 576 1127 omnibus
608 1048 644 1124 se
670 1070 834 1149 tanquam
860 1046 984 1127 uiuum
1007 1052 1186 1146 exemplar
1209 1050 1416 1123 imitandum
1438 1058 1528 1124 vlll.
1677 1048 1681 1055 “

222 1190 244 1227 ‚r
268 1150 423 1245 praebet,
447 1146 531 1223 dum
549 1168 643 1223 totus
662 1149 699 1219 in
719 1147 876 1224 sanandis
894 1148 1119 1235 vulneribus,
1145 1143 1417 1222 Christianill‘rmi
1441 1137 1575 1214 Hippour-

183 1322 194 1331 ,
219 1288 243 1323 υ
265 1240 357 1319 illius
376 1242 664 1355 Regnidesudat.
697 1242 779 1321 Nos
808 1268 923 1331 veto,
957 1268 1046 1342 quos
1075 1246 1201 1342 partim
1226 1241 1326 1319 causa
1350 1264 1415 1339 pu·
1439 1216 1566 1366 ᾗῇ

219 1383 243 1423 2,
265 1342 383 1431 blica,
416 1361 543 1437 parum
564 1338 641 1414 assa
658 1362 740 1414 curn
762 1342 951 1439 praeteritis
977 1342 1134 1437 Regibus
1152 1342 1326 1438 sanguinis
1340 1343 1416 1413 uin·
1439 1370 1525 1429 Aa,

218 1476 242 1521 n
267 1441 367 1525 cula,
394 1434 431 1509 δι
446 1434 659 1535 praesertim,
685 1442 782 1535 quod
803 1438 887 1516 Deo
902 1438 1070 1515 debemur
1088 1436 1314 1534 obsequium,
1333 1435 1416 1607 equs·
1437 1448 1545 1541 nandr-

219 1574 242 1615 n
267 1558 338 1630 que
356 1532 528 1609 Ecclefioe
545 1536 780 1630 patrocinium
795 1537 978 1625 excitare,
1008 1554 1120 1631 atque
1134 1537 1279 1611 incitare
1309 1539 1355 1610 de
1380 1558 1415 1607 e·
1439 1544 1494 1589 Μ’·

219 1676 242 1715 e
266 1632 381 1718 bant,
420 1630 507 1705 nibil
531 1632 695 1727 estquod
715 1632 879 1710 denubit
902 1634 1163 1730 praedicemut,
1186 1631 1312 1706 librum
1326 1631 1418 1728 judi·

217 1770 241 1811 n
267 1728 369 1803 caudi
393 1727 573 1802 arbitrium
600 1728 702 1805 bonis
730 1732 892 1805 omnibus
913 1729 1171 1816 concedimus,
1203 1726 1229 1801 st
1257 1726 1343 1825 quid
1366 1728 1419 1801 in·

218 1869 241 1905 υ
266 1826 434 1900 tentatum
454 1826 729 1920 reliquerimus,
762 1825 892 1925 liquos
913 1849 985 1901 nou
1009 1824 1192 1922 cob‘gimus
1220 1826 1417 1911 exercitus,

221 1961 245 2001 η
269 1921 294 1995 sr
319 1944 407 2017 quas
435 1942 507 1995 non
532 1924 744 1999 contulimus
763 1925 951 2020 pecunias,
984 1922 1011 1997 fi
1036 1943 1117 2019 quae
1139 1918 1420 2019 praetermisimus

217 2062 241 2097 n
266 2017 379 2093 officia
400 2072 411 2109 ,
445 2041 525 2115 quae
548 2016 736 2095 defiderari
756 2020 776 2094 b
793 2024 896 2097 nobis
915 2042 1062 2119 quoquo
1080 2020 1189 2093 modo
1205 2013 1304 2115 posse
1318 2019 1415 2092 vide·

146 2160 157 2175 ·
218 2154 241 2195 r,
266 2135 405 2213 rentur,
425 2117 484 2203 id,
502 2135 543 2191 ut
557 2138 631 2211 quo
664 2136 787 2191 tenore
811 2121 982 2214 coepimus
999 2117 1045 2191 ad
1064 2120 1194 2191 calcem
1212 2116 1317 2189 etiam
1338 2135 1419 2209 per·

218 2252 241 2291 n
265 2216 453 2299 ducamus,
478 2236 558 2288 cum
579 2236 673 2287 nunc
689 2216 735 2289 de
755 2218 994 2291 convocandis
1004 2212 1200 2288 Ordinibus
1218 2213 1325 2285 totius
1347 2212 1419 2287 Re·

218 2346 241 2389 t,
266 2311 327 2405 gni
355 2308 488 2383 Gallici
516 2332 665 2402 agatur,
698 2314 741 2383 ad
770 2334 918 2407 quorum
950 2310 1241 2385 coadunationem
1282 2306 1351 2403 (δι
1375 2329 1416 2383 ιιι

220 2447 243 2485 n
268 2411 363 2502 ajunt
383 2406 541 2487 statuum
557 2404 769 2498 generalium
784 2410 884 2496 dies,
911 2409 948 2483 δι
968 2407 1053 2481 urbs
1069 2404 1178 2480 indici
1201 2403 1350 2490 debeat,
1376 2406 1415 2481 δι

216 2542 241 2581 υ
265 2503 359 2577 sorte
372 2501 444 2597 jam
456 2500 528 2595 jam
554 2502 706 2574 indicata
726 2501 766 2576 stt
782 2502 802 2577 a
817 2503 1074 2600 praeclarilsrmo
1102 2504 1274 2576 Dunrrnaeo
1290 2498 1416 2589 Duce,

215 2640 240 2677 n
264 2601 379 2695 primo
399 2601 437 2673 δι
455 2600 607 2695 generali
622 2595 792 2675 Praefetto
811 2599 944 2674 bellicae
964 2600 1014 2675 rei
1032 2595 1148 2692 Regni
1166 2596 1308 2681 Galliae,
1326 2619 1416 2667 nun·

113 2774 117 2781 ,
213 2738 238 2773 η
264 2716 369 2791 quam
387 2692 466 2767 satis
489 2696 746 2782 laudatoviro,
771 2719 839 2792 pro
858 2718 925 2784 eo,
950 2716 1056 2792 quam
1082 2694 1118 2768 in
1149 2692 1328 2765 liberanda
1351 2688 1415 2763 Pa·
1451 2767 1456 2774 Δ

216 2830 241 2872 n
266 2794 358 2875 tria,
386 2792 421 2863 iu
447 2790 662 2865 eradicandis
688 2791 903 2879 baerellbus,
936 2793 973 2865 in
998 2792 1120 2879 cultu,
1146 2792 1184 2865 δι
1209 2790 1315 2863 causti
1343 2786 1415 2861 Dei

215 2930 241 2967 n
266 2884 511 2971 defendenda,
534 2908 613 2961 raro
638 2891 800 2985 exemplo
824 2910 966 2985 operam
994 2889 1147 2962 navavit.
1193 2884 1298 2958 Nihil
1326 2886 1415 2959 anti·

216 3028 241 3064 n
266 2985 368 3080 quius
387 2984 570 3059 habuimus
609 3007 687 3057 uam
704 3008 744 3059 ut
760 2988 859 3081 prius
874 2989 965 3059 inter
980 2986 1140 3060 eumdem
1157 2982 1191 3056 S.
1202 2983 1236 3055 S.
1256 2980 1415 3070 Patrem,

215 3123 239 3161 n
265 3082 303 3159 ἃ
323 3077 530 3155 Pontificem
548 3104 595 3155 no
627 3104 702 3155 rum
724 3087 934 3167 maximum,
961 3082 1090 3164 denos,
1106 3081 1212 3156 rebus
1230 3081 1313 3154 hinc
1333 3080 1416 3154 inde

116 3180 121 3185 ’
215 3222 238 3258 η
265 3180 428 3267 collatis,
454 3198 565 3273 neque
595 3178 679 3252 huic
703 3183 891 3255 conventui
923 3178 1135 3265 deessemus,
1160 3177 1219 3253 sed
1244 3196 1283 3248 nt
1310 3178 1413 3249 nobis

212 3318 237 3354 n
263 3298 341 3351 cum
352 3272 542 3373 Sansiitate
554 3272 627 3349 Sui
642 3278 760 3349 eadem
778 3277 826 3351 est
842 3300 959 3369 mens,
970 3277 1065 3349 idem
1080 3272 1293 3355 animus,ita
1305 3274 1412 3345 etiam

105 3450 106 3456 t
213 3414 238 3450 n
263 3396 342 3445 cum
361 3370 616 3468 ipsiusLegato
635 3372 768 3449 Orator
784 3373 900 3450 noller
916 3371 1064 3456 adesset,
1088 3392 1166 3443 cum
1183 3365 1335 3465 ejusdem
1353 3368 1416 3441 mi·

212 3508 237 3547 n
263 3464 457 3550 nistris‚ibi
472 3492 617 3567 quoque
626 3472 769 3545 ministri
786 3472 893 3543 nostri
909 3484 1130 3638 apparerent.
1155 3466 1214 3539 Ad
1224 3466 1295 3539 boc
1305 3467 1416 3560 igitur

210 3606 235 3644 η
262 3566 463 3638 obeundum
488 3588 633 3652 munus,
660 3566 781 3641 Ducem
799 3566 898 3639 Furia
949 3590 968 3638 e
996 3565 1192 3653 oravimus,
1224 3583 1415 3657 cognatum

211 3704 237 3741 υ
263 3660 446 3743 nostrum,
473 3680 577 3758 atque
597 3684 707 3735 unum
731 3684 777 3737 ex
795 3662 937 3737 istorum
990 3682 1160 3757 eguorum
1184 3658 1416 3747 Proceribos,

211 3800 237 3837 n
262 3760 323 3856 qui
344 3754 497 3852 praefeus
520 3760 638 3832 nostro
661 3761 802 3834 nomine
825 3757 931 3847 adst,
957 3758 1107 3833 nostram
1124 3777 1290 3855 operam,
1306 3772 1414 3851 atque

211 3899 236 3937 n
262 3854 416 3931 officium
443 3856 649 3951 impendat,
673 3858 718 3929 ad
750 3858 946 3953 pacandas,
971 3854 1011 3929 du
1035 3853 1204 3929 sedandas
1230 3874 1309 3939 tes,
1332 3854 1413 3928 talis

209 3994 236 4033 η
261 3953 438 4046 Principis
463 3954 709 4046 cooptatioue,
734 3957 872 4051 qutiens
893 3957 931 4029 iu
960 3943 1236 4027 Christianiffimi
1265 3950 1409 4046 Regni,

210 4090 236 4131 n
262 4048 579 4126 Christianiliimum
595 4068 723 4145 caput,
747 4048 1136 4132 musulaniorum,
1161 4046 1220 4121 sed
1236 4068 1276 4122 re
1297 4064 1409 4144 coop—
1518 4091 1522 4095 -

212 4188 238 4226 n
261 4150 348 4235 tari,
367 4168 473 4244 atquc
497 4146 579 4243 eligi
603 4168 668 4244 par
681 4147 754 4236 est,
780 4150 800 4224 ὲ
823 4144 1015 4223 Conuoutu
1042 4141 1310 4221 Cathoiicorum
1333 4161 1410 4219 om·

209 4284 238 4322 ι»
263 4249 391 4333 nium,
421 4264 600 4341 quotquot
622 4248 658 4318 in
679 4245 802 4322 Gallld
831 4245 915 4331 sint,
942 4262 1088 4334 nomen,
1113 4244 1207 4332 vim,
1232 4243 1271 4319 dt
1295 4246 1411 4319 vicem

211 4382 238 4429 υ
264 4340 446 4418 referente.
485 4344 596 4439 Quod
615 4360 655 4417 ur
670 4345 838 4443 praesams
866 4344 964 4419 Furio
992 4343 1074 4418 Dur
1093 4339 1346 4417 meliusnam
1367 4358 1412 4414 eo

208 4480 237 4520 ι,
263 4457 366 4613 ²750st
379 4440 588 4534 eontigerit,
613 4440 657 4520 de
674 4444 712 4523 vi
725 4461 1008 4535 conuentorum,
1021 4438 1062 4521 <st
1075 4440 1205 4521 robore
1214 4440 1412 4544 nullatenus

290 4559 352 4611 orn.
375 4536 446 4612 11..
461 4536 545 4614 Pars
560 4560 595 4617 a.
875 4536 978 4618 Vvv
1262 4577 1286 4615 ‚r
1312 4533 1413 4607 dubr-
