<?xml version="1.0" encoding="UTF-8"?>
<!DOCTYPE html PUBLIC "-//W3C//DTD XHTML 1.0 Transitional//EN"
    "http://www.w3.org/TR/xhtml1/DTD/xhtml1-transitional.dtd">
<html xmlns="http://www.w3.org/1999/xhtml" xml:lang="en" lang="en">
 <head>
  <title>
</title>
<meta http-equiv="Content-Type" content="text/html;charset=utf-8" />
  <meta name='ocr-system' content='tesseract 3.04.00' />
  <meta name='ocr-capabilities' content='ocr_page ocr_carea ocr_par ocr_line ocrx_word'/>
</head>
<body>
  <div class='ocr_page' id='page_1' title='image "./vitavigliiabayt00papegoog_0527.png"; bbox 0 0 3984 5167; ppageno 0'>
   <div class='ocr_carea' id='block_1_1' title="bbox 507 413 1693 562">
    <p class='ocr_par' dir='ltr' id='par_1_1' title="bbox 507 413 1693 562">
     <span class='ocr_line' id='line_1_1' title="bbox 507 413 1693 562; baseline -0.009 -36"><span class='ocrx_word' id='word_1_1' title='bbox 507 445 619 562; x_wconf 55' lang='grc' dir='ltr'>’με</span> <span class='ocrx_word' id='word_1_2' title='bbox 677 432 713 543; x_wconf 92' lang='lat' dir='ltr'>J.</span> <span class='ocrx_word' id='word_1_3' title='bbox 737 426 790 518; x_wconf 86' lang='lat' dir='ltr'>B.</span> <span class='ocrx_word' id='word_1_4' title='bbox 818 448 893 517; x_wconf 84' lang='lat' dir='ltr'>na</span> <span class='ocrx_word' id='word_1_5' title='bbox 921 418 1171 517; x_wconf 86' lang='lat' dir='ltr'>TASSIS</span> <span class='ocrx_word' id='word_1_6' title='bbox 1200 413 1591 516; x_wconf 81' lang='lat' dir='ltr'><strong>COMMENT.</strong></span> <span class='ocrx_word' id='word_1_7' title='bbox 1613 424 1693 515; x_wconf 78' lang='lat' dir='ltr'>&amp;e</span> 
     </span>
    </p>
   </div>
   <div class='ocr_carea' id='block_1_2' title="bbox 384 595 1875 2050">
    <p class='ocr_par' dir='ltr' id='par_1_2' title="bbox 388 595 1875 1083">
     <span class='ocr_line' id='line_1_2' title="bbox 388 595 1734 729; baseline -0.004 -47"><span class='ocrx_word' id='word_1_8' title='bbox 388 656 491 729; x_wconf 48' lang='lat'>1592,</span> <span class='ocrx_word' id='word_1_9' title='bbox 535 609 569 684; x_wconf 92' lang='lat' dir='ltr'>se</span> <span class='ocrx_word' id='word_1_10' title='bbox 589 609 745 683; x_wconf 87' lang='lat' dir='ltr'>eontulit.</span> <span class='ocrx_word' id='word_1_11' title='bbox 796 601 1082 688; x_wconf 83' lang='lat' dir='ltr'>curavit&#39;enim,</span> <span class='ocrx_word' id='word_1_12' title='bbox 1106 624 1186 675; x_wconf 89' lang='lat' dir='ltr'>cum</span> <span class='ocrx_word' id='word_1_13' title='bbox 1214 600 1341 673; x_wconf 83' lang='lat' dir='ltr'>ultimb</span> <span class='ocrx_word' id='word_1_14' title='bbox 1371 595 1491 675; x_wconf 77' lang='lat' dir='ltr'>Gallia</span> <span class='ocrx_word' id='word_1_15' title='bbox 1514 598 1734 687; x_wconf 55' lang='lat' dir='ltr'>ex&#39;eedereu</span> 
     </span>
     <span class='ocr_line' id='line_1_3' title="bbox 536 698 1728 795; baseline -0.005 -17"><span class='ocrx_word' id='word_1_16' title='bbox 536 706 735 788; x_wconf 87' lang='lat' dir='ltr'>instaurari,</span> <span class='ocrx_word' id='word_1_17' title='bbox 760 722 803 774; x_wconf 83' lang='lat' dir='ltr'>ac</span> <span class='ocrx_word' id='word_1_18' title='bbox 820 699 976 795; x_wconf 88' lang='lat' dir='ltr'>suppleri</span> <span class='ocrx_word' id='word_1_19' title='bbox 993 700 1080 771; x_wconf 87' lang='lat' dir='ltr'>levis</span> <span class='ocrx_word' id='word_1_20' title='bbox 1095 717 1277 782; x_wconf 86' lang='lat' dir='ltr'>armaturae</span> <span class='ocrx_word' id='word_1_21' title='bbox 1305 698 1522 790; x_wconf 83' lang='lat' dir='ltr'>equitatum,</span> <span class='ocrx_word' id='word_1_22' title='bbox 1547 720 1654 793; x_wconf 88' lang='lat' dir='ltr'>quern</span> <span class='ocrx_word' id='word_1_23' title='bbox 1678 700 1728 772; x_wconf 84' lang='lat' dir='ltr'>ihi</span> 
     </span>
     <span class='ocr_line' id='line_1_4' title="bbox 537 790 1875 895; baseline -0.011 -19"><span class='ocrx_word' id='word_1_24' title='bbox 537 802 743 895; x_wconf 84' lang='lat' dir='ltr'>reliquerat,</span> <span class='ocrx_word' id='word_1_25' title='bbox 767 796 941 871; x_wconf 83' lang='lat' dir='ltr'>continuis</span> <span class='ocrx_word' id='word_1_26' title='bbox 961 796 1080 878; x_wconf 83' lang='lat' dir='ltr'>bellis,</span> <span class='ocrx_word' id='word_1_27' title='bbox 1100 814 1345 887; x_wconf 88' lang='lat' dir='ltr'>armorumque</span> <span class='ocrx_word' id='word_1_28' title='bbox 1355 790 1422 865; x_wconf 80' lang='lat' dir='ltr'>usu</span> <span class='ocrx_word' id='word_1_29' title='bbox 1438 794 1541 865; x_wconf 85' lang='lat' dir='ltr'>valde</span> <span class='ocrx_word' id='word_1_30' title='bbox 1549 794 1728 881; x_wconf 84' lang='lat' dir='ltr'>attritum,</span> <span class='ocrx_word' id='word_1_31' title='bbox 1874 865 1875 868; x_wconf 62' lang='grc'>,</span> 
     </span>
     <span class='ocr_line' id='line_1_5' title="bbox 538 888 1726 987; baseline -0.006 -17"><span class='ocrx_word' id='word_1_32' title='bbox 538 918 579 970; x_wconf 84' lang='lat' dir='ltr'>ac</span> <span class='ocrx_word' id='word_1_33' title='bbox 594 898 826 978; x_wconf 68' lang='lat' dir='ltr'>almannum,</span> <span class='ocrx_word' id='word_1_34' title='bbox 848 914 1003 987; x_wconf 86' lang='lat' dir='ltr'>eumque</span> <span class='ocrx_word' id='word_1_35' title='bbox 1020 892 1204 961; x_wconf 70' lang='lat' dir='ltr'>bruxellam</span> <span class='ocrx_word' id='word_1_36' title='bbox 1220 888 1409 962; x_wconf 85' lang='lat' dir='ltr'>adveniens</span> <span class='ocrx_word' id='word_1_37' title='bbox 1429 907 1560 960; x_wconf 88' lang='lat' dir='ltr'>tantam</span> <span class='ocrx_word' id='word_1_38' title='bbox 1579 912 1621 961; x_wconf 88' lang='lat' dir='ltr'>ea</span> <span class='ocrx_word' id='word_1_39' title='bbox 1635 892 1672 961; x_wconf 91' lang='lat' dir='ltr'>in</span> <span class='ocrx_word' id='word_1_40' title='bbox 1687 914 1726 963; x_wconf 85' lang='lat' dir='ltr'>re</span> 
     </span>
     <span class='ocr_line' id='line_1_6' title="bbox 538 983 1726 1083; baseline -0.008 -17"><span class='ocrx_word' id='word_1_41' title='bbox 538 990 758 1066; x_wconf 63' lang='lat' dir='ltr'>intellexisset</span> <span class='ocrx_word' id='word_1_42' title='bbox 775 988 927 1061; x_wconf 86' lang='lat' dir='ltr'>habitam</span> <span class='ocrx_word' id='word_1_43' title='bbox 945 984 1043 1058; x_wconf 79' lang='lat' dir='ltr'>fuisse</span> <span class='ocrx_word' id='word_1_44' title='bbox 1055 1008 1193 1074; x_wconf 87' lang='lat' dir='ltr'>curam,</span> <span class='ocrx_word' id='word_1_45' title='bbox 1210 1006 1249 1057; x_wconf 94' lang='lat' dir='ltr'>ut</span> <span class='ocrx_word' id='word_1_46' title='bbox 1260 985 1332 1078; x_wconf 86' lang='lat' dir='ltr'>jam</span> <span class='ocrx_word' id='word_1_47' title='bbox 1348 983 1510 1079; x_wconf 83' lang='lat' dir='ltr'>copiosor</span> <span class='ocrx_word' id='word_1_48' title='bbox 1526 983 1606 1059; x_wconf 80' lang='lat' dir='ltr'>satis</span> <span class='ocrx_word' id='word_1_49' title='bbox 1620 1008 1726 1083; x_wconf 87' lang='lat' dir='ltr'>equo·</span> 
     </span>
    </p>

    <p class='ocr_par' dir='ltr' id='par_1_3' title="bbox 387 1079 1730 1467">
     <span class='ocr_line' id='line_1_7' title="bbox 387 1079 1725 1180; baseline -0.004 -18"><span class='ocrx_word' id='word_1_50' title='bbox 387 1134 393 1144; x_wconf 84' lang='lat'>-</span> <span class='ocrx_word' id='word_1_51' title='bbox 540 1110 640 1171; x_wconf 85' lang='lat' dir='ltr'>rum,</span> <span class='ocrx_word' id='word_1_52' title='bbox 660 1106 910 1180; x_wconf 87' lang='lat' dir='ltr'>armorumque</span> <span class='ocrx_word' id='word_1_53' title='bbox 925 1105 1089 1157; x_wconf 85' lang='lat' dir='ltr'>numerus</span> <span class='ocrx_word' id='word_1_54' title='bbox 1105 1103 1247 1177; x_wconf 82' lang='lat' dir='ltr'>paratus</span> <span class='ocrx_word' id='word_1_55' title='bbox 1261 1079 1364 1171; x_wconf 87' lang='lat' dir='ltr'>esset,</span> <span class='ocrx_word' id='word_1_56' title='bbox 1390 1085 1624 1176; x_wconf 79' lang='lat' dir='ltr'>quotannis,</span> <span class='ocrx_word' id='word_1_57' title='bbox 1647 1103 1725 1177; x_wconf 77' lang='lat' dir='ltr'>quae</span> 
     </span>
     <span class='ocr_line' id='line_1_8' title="bbox 540 1175 1727 1275; baseline -0.004 -19"><span class='ocrx_word' id='word_1_58' title='bbox 540 1186 577 1256; x_wconf 91' lang='lat' dir='ltr'>in</span> <span class='ocrx_word' id='word_1_59' title='bbox 596 1181 715 1257; x_wconf 76' lang='lat' dir='ltr'>Gallib</span> <span class='ocrx_word' id='word_1_60' title='bbox 731 1200 849 1258; x_wconf 73' lang='lat' dir='ltr'>erano,</span> <span class='ocrx_word' id='word_1_61' title='bbox 872 1181 974 1275; x_wconf 87' lang='lat' dir='ltr'>plene</span> <span class='ocrx_word' id='word_1_62' title='bbox 994 1176 1104 1274; x_wconf 83' lang='lat' dir='ltr'>posset</span> <span class='ocrx_word' id='word_1_63' title='bbox 1119 1175 1275 1251; x_wconf 75' lang='lat' dir='ltr'>sansfieri</span> <span class='ocrx_word' id='word_1_64' title='bbox 1295 1226 1307 1259; x_wconf 87' lang='lat'><em>,</em></span> <span class='ocrx_word' id='word_1_65' title='bbox 1333 1182 1524 1273; x_wconf 82' lang='lat' dir='ltr'>equitatum</span> <span class='ocrx_word' id='word_1_66' title='bbox 1539 1178 1640 1250; x_wconf 85' lang='lat' dir='ltr'>illum</span> <span class='ocrx_word' id='word_1_67' title='bbox 1655 1202 1727 1251; x_wconf 88' lang='lat' dir='ltr'>om·</span> 
     </span>
     <span class='ocr_line' id='line_1_9' title="bbox 541 1271 1724 1371; baseline -0.002 -20"><span class='ocrx_word' id='word_1_68' title='bbox 541 1302 642 1366; x_wconf 86' lang='lat' dir='ltr'>nem,</span> <span class='ocrx_word' id='word_1_69' title='bbox 675 1300 766 1352; x_wconf 89' lang='lat' dir='ltr'>cum·</span> <span class='ocrx_word' id='word_1_70' title='bbox 785 1278 1147 1371; x_wconf 78' lang='lat' dir='ltr'>reliquo&#39;apparatu,</span> <span class='ocrx_word' id='word_1_71' title='bbox 1179 1275 1273 1345; x_wconf 79' lang='lat' dir='ltr'>nulla</span> <span class='ocrx_word' id='word_1_72' title='bbox 1298 1271 1507 1368; x_wconf 71' lang='lat' dir='ltr'>interposui</span> <span class='ocrx_word' id='word_1_73' title='bbox 1538 1274 1661 1361; x_wconf 75' lang='lat' dir='ltr'>morl,</span> <span class='ocrx_word' id='word_1_74' title='bbox 1683 1297 1724 1349; x_wconf 90' lang='lat' dir='ltr'>eu</span> 
     </span>
     <span class='ocr_line' id='line_1_10' title="bbox 541 1368 1730 1467; baseline -0.003 -18"><span class='ocrx_word' id='word_1_75' title='bbox 541 1378 754 1449; x_wconf 75' lang='lat' dir='ltr'>contendere</span> <span class='ocrx_word' id='word_1_76' title='bbox 766 1372 872 1467; x_wconf 79' lang='lat' dir='ltr'>jussit,</span> <span class='ocrx_word' id='word_1_77' title='bbox 900 1368 1266 1465; x_wconf 71' lang='lat' dir='ltr'>divulgatbfambsese</span> <span class='ocrx_word' id='word_1_78' title='bbox 1283 1368 1384 1443; x_wconf 87' lang='lat' dir='ltr'>brevi</span> <span class='ocrx_word' id='word_1_79' title='bbox 1400 1368 1613 1455; x_wconf 88' lang='lat' dir='ltr'>secuturum,</span> <span class='ocrx_word' id='word_1_80' title='bbox 1625 1386 1730 1465; x_wconf 80' lang='lat' dir='ltr'>quara</span> 
     </span>
    </p>

    <p class='ocr_par' dir='ltr' id='par_1_4' title="bbox 384 1459 1730 1657">
     <span class='ocr_line' id='line_1_11' title="bbox 384 1459 1729 1565; baseline -0.005 -18"><span class='ocrx_word' id='word_1_81' title='bbox 384 1522 388 1529; x_wconf 88' lang='lat'><em>·</em></span> <span class='ocrx_word' id='word_1_82' title='bbox 472 1481 474 1485; x_wconf 82' lang='lat'>&#39;</span> <span class='ocrx_word' id='word_1_83' title='bbox 542 1472 581 1546; x_wconf 75' lang='grc' dir='ltr'>δι</span> <span class='ocrx_word' id='word_1_84' title='bbox 598 1494 635 1544; x_wconf 90' lang='lat' dir='ltr'>re</span> <span class='ocrx_word' id='word_1_85' title='bbox 651 1469 725 1565; x_wconf 71' lang='lat' dir='ltr'>ipsi</span> <span class='ocrx_word' id='word_1_86' title='bbox 741 1471 863 1542; x_wconf 88' lang='lat' dir='ltr'>volens</span> <span class='ocrx_word' id='word_1_87' title='bbox 879 1464 1104 1551; x_wconf 82' lang='lat' dir='ltr'>confirmare,</span> <span class='ocrx_word' id='word_1_88' title='bbox 1130 1466 1288 1547; x_wconf 87' lang='lat' dir='ltr'>tandem,</span> <span class='ocrx_word' id='word_1_89' title='bbox 1314 1465 1440 1540; x_wconf 85' lang='lat' dir='ltr'>etiamst</span> <span class='ocrx_word' id='word_1_90' title='bbox 1455 1459 1729 1540; x_wconf 71' lang='lat' dir='ltr'>ueremnimor·</span> 
     </span>
     <span class='ocr_line' id='line_1_12' title="bbox 544 1557 1730 1657; baseline -0.002 -18"><span class='ocrx_word' id='word_1_91' title='bbox 544 1586 647 1651; x_wconf 84' lang='lat' dir='ltr'>tuus,</span> <span class='ocrx_word' id='word_1_92' title='bbox 672 1565 857 1639; x_wconf 77' lang='lat' dir='ltr'>bruxellam</span> <span class='ocrx_word' id='word_1_93' title='bbox 883 1563 1047 1655; x_wconf 89' lang='lat' dir='ltr'>reliquit,</span> <span class='ocrx_word' id='word_1_94' title='bbox 1080 1561 1118 1633; x_wconf 89' lang='lat'>&amp;</span> <span class='ocrx_word' id='word_1_95' title='bbox 1144 1563 1333 1635; x_wconf 75' lang='lat' dir='ltr'>Atrebatum</span> <span class='ocrx_word' id='word_1_96' title='bbox 1361 1560 1410 1634; x_wconf 88' lang='lat' dir='ltr'>est</span> <span class='ocrx_word' id='word_1_97' title='bbox 1436 1557 1643 1657; x_wconf 67' lang='lat' dir='ltr'>profectus,</span> <span class='ocrx_word' id='word_1_98' title='bbox 1669 1564 1730 1637; x_wconf 87' lang='lat' dir='ltr'>ubi</span> 
     </span>
    </p>

    <p class='ocr_par' dir='ltr' id='par_1_5' title="bbox 434 1654 1729 1759">
     <span class='ocr_line' id='line_1_13' title="bbox 434 1654 1729 1759; baseline -0.004 -23"><span class='ocrx_word' id='word_1_99' title='bbox 434 1654 440 1665; x_wconf 77' lang='grc'><strong>’</strong></span> <span class='ocrx_word' id='word_1_100' title='bbox 542 1666 662 1759; x_wconf 85' lang='lat' dir='ltr'>paucis</span> <span class='ocrx_word' id='word_1_101' title='bbox 679 1660 757 1754; x_wconf 90' lang='lat' dir='ltr'>post</span> <span class='ocrx_word' id='word_1_102' title='bbox 776 1659 910 1733; x_wconf 85' lang='lat' dir='ltr'>diebus·</span> <span class='ocrx_word' id='word_1_103' title='bbox 923 1656 1070 1733; x_wconf 81' lang='lat' dir='ltr'>secunda</span> <span class='ocrx_word' id='word_1_104' title='bbox 1093 1657 1303 1729; x_wconf 86' lang='lat' dir='ltr'>Decembris</span> <span class='ocrx_word' id='word_1_105' title='bbox 1330 1658 1425 1730; x_wconf 88' lang='lat' dir='ltr'>Anni</span> <span class='ocrx_word' id='word_1_106' title='bbox 1446 1656 1611 1731; x_wconf 78' lang='lat' dir='ltr'>milestmi·</span> <span class='ocrx_word' id='word_1_107' title='bbox 1631 1661 1729 1755; x_wconf 91' lang='lat' dir='ltr'>quin·</span> 
     </span>
    </p>

    <p class='ocr_par' dir='ltr' id='par_1_6' title="bbox 411 1747 1729 1856">
     <span class='ocr_line' id='line_1_14' title="bbox 411 1747 1729 1856; baseline -0.001 -26"><span class='ocrx_word' id='word_1_108' title='bbox 411 1747 425 1783; x_wconf 88' lang='lat'><em>&#39;</em></span> <span class='ocrx_word' id='word_1_109' title='bbox 543 1756 721 1855; x_wconf 87' lang='lat' dir='ltr'>gentestmi</span> <span class='ocrx_word' id='word_1_110' title='bbox 738 1753 948 1849; x_wconf 80' lang='lat' dir='ltr'>nonagesimi</span> <span class='ocrx_word' id='word_1_111' title='bbox 963 1757 1057 1827; x_wconf 90' lang='lat' dir='ltr'>tertii</span> <span class='ocrx_word' id='word_1_112' title='bbox 1068 1753 1087 1794; x_wconf 77' lang='lat'><em>*</em></span> <span class='ocrx_word' id='word_1_113' title='bbox 1099 1751 1402 1835; x_wconf 74' lang='lat' dir='ltr'>vitiexceffit‚vir</span> <span class='ocrx_word' id='word_1_114' title='bbox 1419 1754 1546 1856; x_wconf 88' lang='lat' dir='ltr'>procul</span> <span class='ocrx_word' id='word_1_115' title='bbox 1562 1754 1670 1828; x_wconf 90' lang='lat' dir='ltr'>dubio</span> <span class='ocrx_word' id='word_1_116' title='bbox 1682 1776 1729 1830; x_wconf 79' lang='lat' dir='ltr'>ex</span> 
     </span>
    </p>

    <p class='ocr_par' dir='ltr' id='par_1_7' title="bbox 399 1847 1730 2050">
     <span class='ocr_line' id='line_1_15' title="bbox 399 1847 1724 1946; baseline -0.002 -19"><span class='ocrx_word' id='word_1_117' title='bbox 399 1847 406 1866; x_wconf 75' lang='lat'>⁸</span> <span class='ocrx_word' id='word_1_118' title='bbox 542 1852 728 1927; x_wconf 81' lang='lat' dir='ltr'>illustribus</span> <span class='ocrx_word' id='word_1_119' title='bbox 750 1849 800 1923; x_wconf 89' lang='lat' dir='ltr'>sui</span> <span class='ocrx_word' id='word_1_120' title='bbox 815 1852 982 1946; x_wconf 85' lang='lat' dir='ltr'>temporis</span> <span class='ocrx_word' id='word_1_121' title='bbox 998 1850 1114 1923; x_wconf 83' lang='lat' dir='ltr'>multis</span> <span class='ocrx_word' id='word_1_122' title='bbox 1131 1849 1290 1944; x_wconf 84' lang='lat' dir='ltr'>praeclari</span> <span class='ocrx_word' id='word_1_123' title='bbox 1313 1851 1419 1923; x_wconf 90' lang='lat' dir='ltr'>animi</span> <span class='ocrx_word' id='word_1_124' title='bbox 1435 1851 1577 1926; x_wconf 75' lang='lat' dir='ltr'>dotibus</span> <span class='ocrx_word' id='word_1_125' title='bbox 1598 1873 1724 1925; x_wconf 83' lang='lat' dir='ltr'>rerum·</span> 
     </span>
     <span class='ocr_line' id='line_1_16' title="bbox 537 1944 1730 2050; baseline -0.006 -27"><span class='ocrx_word' id='word_1_126' title='bbox 537 1972 612 2050; x_wconf 78' lang='lat' dir='ltr'>que</span> <span class='ocrx_word' id='word_1_127' title='bbox 637 1948 808 2044; x_wconf 85' lang='lat' dir='ltr'>gestarum</span> <span class='ocrx_word' id='word_1_128' title='bbox 832 1946 949 2043; x_wconf 74' lang='lat' dir='ltr'>glorii</span> <span class='ocrx_word' id='word_1_129' title='bbox 965 1944 1179 2022; x_wconf 73' lang='lat' dir='ltr'>clarissimus.</span> <span class='ocrx_word' id='word_1_130' title='bbox 1726 1972 1730 1976; x_wconf 38' lang='lat'>³</span> 
     </span>
    </p>
   </div>
   <div class='ocr_carea' id='block_1_3' title="bbox 444 2218 1734 3321">
    <p class='ocr_par' dir='ltr' id='par_1_8' title="bbox 575 2218 1727 2308">
     <span class='ocr_line' id='line_1_17' title="bbox 575 2218 1727 2308; baseline 0.003 -21"><span class='ocrx_word' id='word_1_131' title='bbox 575 2222 601 2267; x_wconf 56' lang='lat'>¹*</span> <span class='ocrx_word' id='word_1_132' title='bbox 614 2220 754 2308; x_wconf 75' lang='lat' dir='ltr'>Duplex</span> <span class='ocrx_word' id='word_1_133' title='bbox 770 2238 867 2291; x_wconf 85' lang='lat' dir='ltr'>error</span> <span class='ocrx_word' id='word_1_134' title='bbox 881 2219 935 2287; x_wconf 84' lang='lat' dir='ltr'>hie</span> <span class='ocrx_word' id='word_1_135' title='bbox 946 2220 1062 2289; x_wconf 83' lang='lat' dir='ltr'>verbis</span> <span class='ocrx_word' id='word_1_136' title='bbox 1084 2218 1182 2291; x_wconf 84' lang='lat' dir='ltr'>inest.</span> <span class='ocrx_word' id='word_1_137' title='bbox 1222 2218 1401 2289; x_wconf 80' lang='lat' dir='ltr'>Alexander</span> <span class='ocrx_word' id='word_1_138' title='bbox 1416 2218 1580 2305; x_wconf 61' lang='lat' dir='ltr'>Pammenis</span> <span class='ocrx_word' id='word_1_139' title='bbox 1590 2237 1657 2289; x_wconf 83' lang='lat' dir='ltr'>nec</span> <span class='ocrx_word' id='word_1_140' title='bbox 1667 2218 1727 2291; x_wconf 80' lang='lat' dir='ltr'>uie</span> 
     </span>
    </p>

    <p class='ocr_par' dir='ltr' id='par_1_9' title="bbox 534 2304 1730 2391">
     <span class='ocr_line' id='line_1_18' title="bbox 534 2304 1730 2391; baseline 0.001 -20"><span class='ocrx_word' id='word_1_141' title='bbox 534 2304 665 2391; x_wconf 80' lang='lat' dir='ltr'>serundo</span> <span class='ocrx_word' id='word_1_142' title='bbox 683 2306 872 2384; x_wconf 76' lang='lat' dir='ltr'>Decembris,</span> <span class='ocrx_word' id='word_1_143' title='bbox 894 2323 960 2373; x_wconf 90' lang='lat' dir='ltr'>nec</span> <span class='ocrx_word' id='word_1_144' title='bbox 981 2324 1074 2372; x_wconf 89' lang='lat' dir='ltr'>anuo</span> <span class='ocrx_word' id='word_1_145' title='bbox 1101 2304 1284 2388; x_wconf 75' lang='lat' dir='ltr'>mnageiimo</span> <span class='ocrx_word' id='word_1_146' title='bbox 1309 2313 1397 2370; x_wconf 84' lang='lat' dir='ltr'>rerrio</span> <span class='ocrx_word' id='word_1_147' title='bbox 1415 2306 1524 2373; x_wconf 89' lang='lat' dir='ltr'>vitam</span> <span class='ocrx_word' id='word_1_148' title='bbox 1542 2306 1660 2389; x_wconf 76' lang='lat' dir='ltr'>liquit3</span> <span class='ocrx_word' id='word_1_149' title='bbox 1681 2306 1730 2372; x_wconf 85' lang='lat' dir='ltr'>est</span> 
     </span>
    </p>

    <p class='ocr_par' dir='ltr' id='par_1_10' title="bbox 540 2387 1729 2475">
     <span class='ocr_line' id='line_1_19' title="bbox 540 2387 1729 2475; baseline 0 -20"><span class='ocrx_word' id='word_1_150' title='bbox 540 2388 601 2456; x_wconf 88' lang='lat' dir='ltr'>die</span> <span class='ocrx_word' id='word_1_151' title='bbox 622 2397 710 2457; x_wconf 79' lang='lat' dir='ltr'>terrio</span> <span class='ocrx_word' id='word_1_152' title='bbox 727 2388 930 2457; x_wconf 86' lang='lat' dir='ltr'>Decembris</span> <span class='ocrx_word' id='word_1_153' title='bbox 948 2389 1030 2455; x_wconf 89' lang='lat' dir='ltr'>anui</span> <span class='ocrx_word' id='word_1_154' title='bbox 1050 2388 1216 2456; x_wconf 77' lang='lat' dir='ltr'>millesimi</span> <span class='ocrx_word' id='word_1_155' title='bbox 1236 2388 1495 2475; x_wconf 81' lang='lat' dir='ltr'>quingentesimi</span> <span class='ocrx_word' id='word_1_156' title='bbox 1513 2387 1729 2473; x_wconf 67' lang='lat' dir='ltr'>,nonagesimi</span> 
     </span>
    </p>

    <p class='ocr_par' dir='ltr' id='par_1_11' title="bbox 535 2471 1734 2559">
     <span class='ocr_line' id='line_1_20' title="bbox 535 2471 1734 2559; baseline 0.002 -23"><span class='ocrx_word' id='word_1_157' title='bbox 535 2471 668 2559; x_wconf 81' lang='lat' dir='ltr'>secundi.</span> <span class='ocrx_word' id='word_1_158' title='bbox 696 2472 751 2547; x_wconf 84' lang='lat' dir='ltr'>De</span> <span class='ocrx_word' id='word_1_159' title='bbox 771 2490 862 2539; x_wconf 90' lang='lat' dir='ltr'>anno</span> <span class='ocrx_word' id='word_1_160' title='bbox 885 2472 1087 2557; x_wconf 86' lang='lat' dir='ltr'>pervulgata</span> <span class='ocrx_word' id='word_1_161' title='bbox 1109 2490 1164 2539; x_wconf 88' lang='lat' dir='ltr'>res</span> <span class='ocrx_word' id='word_1_162' title='bbox 1181 2472 1246 2548; x_wconf 91' lang='lat' dir='ltr'>est,</span> <span class='ocrx_word' id='word_1_163' title='bbox 1264 2490 1366 2555; x_wconf 82' lang='lat' dir='ltr'>quam</span> <span class='ocrx_word' id='word_1_164' title='bbox 1384 2471 1506 2541; x_wconf 88' lang='lat' dir='ltr'>frustra</span> <span class='ocrx_word' id='word_1_165' title='bbox 1526 2473 1734 2557; x_wconf 25' lang='lat' dir='ltr'>probavero..</span> 
     </span>
    </p>

    <p class='ocr_par' dir='ltr' id='par_1_12' title="bbox 444 2554 1733 2640">
     <span class='ocr_line' id='line_1_21' title="bbox 444 2554 1733 2640; baseline -0.003 -17"><span class='ocrx_word' id='word_1_166' title='bbox 444 2629 451 2640; x_wconf 52' lang='lat'><strong>,</strong></span> <span class='ocrx_word' id='word_1_167' title='bbox 510 2583 513 2589; x_wconf 93' lang='lat'><em>·</em></span> <span class='ocrx_word' id='word_1_168' title='bbox 543 2556 600 2623; x_wconf 91' lang='lat' dir='ltr'>De</span> <span class='ocrx_word' id='word_1_169' title='bbox 619 2556 676 2623; x_wconf 85' lang='lat' dir='ltr'>die</span> <span class='ocrx_word' id='word_1_170' title='bbox 694 2554 851 2633; x_wconf 85' lang='lat' dir='ltr'>testatur,</span> <span class='ocrx_word' id='word_1_171' title='bbox 872 2554 931 2639; x_wconf 84' lang='lat' dir='ltr'>qui</span> <span class='ocrx_word' id='word_1_172' title='bbox 946 2554 1126 2621; x_wconf 75' lang='lat' dir='ltr'>Alexandro</span> <span class='ocrx_word' id='word_1_173' title='bbox 1149 2556 1312 2621; x_wconf 88' lang='lat' dir='ltr'>morienti</span> <span class='ocrx_word' id='word_1_174' title='bbox 1335 2554 1479 2635; x_wconf 82' lang='lat' dir='ltr'>adstitit,</span> <span class='ocrx_word' id='word_1_175' title='bbox 1500 2556 1629 2623; x_wconf 82' lang='lat' dir='ltr'>Dromas</span> <span class='ocrx_word' id='word_1_176' title='bbox 1648 2554 1733 2639; x_wconf 77' lang='lat' dir='ltr'>Sayl·</span> 
     </span>
    </p>

    <p class='ocr_par' dir='ltr' id='par_1_13' title="bbox 543 2636 1733 2805">
     <span class='ocr_line' id='line_1_22' title="bbox 543 2636 1733 2805; baseline -0.001 -99"><span class='ocrx_word' id='word_1_177' title='bbox 543 2640 603 2706; x_wconf 85' lang='lat' dir='ltr'>iras</span> <span class='ocrx_word' id='word_1_178' title='bbox 619 2636 777 2705; x_wconf 86' lang='lat' dir='ltr'>sacerdos</span> <span class='ocrx_word' id='word_1_179' title='bbox 795 2638 1099 2805; x_wconf 54' lang='lat' dir='ltr'>Societatiellesu,</span> <span class='ocrx_word' id='word_1_180' title='bbox 1119 2639 1156 2703; x_wconf 91' lang='lat' dir='ltr'>in</span> <span class='ocrx_word' id='word_1_181' title='bbox 1186 2638 1335 2724; x_wconf 84' lang='lat' dir='ltr'>Epistola</span> <span class='ocrx_word' id='word_1_182' title='bbox 1355 2656 1470 2721; x_wconf 88' lang='lat' dir='ltr'>quarn</span> <span class='ocrx_word' id='word_1_183' title='bbox 1485 2640 1530 2706; x_wconf 88' lang='lat' dir='ltr'>ad</span> <span class='ocrx_word' id='word_1_184' title='bbox 1558 2639 1733 2707; x_wconf 67' lang='lat' dir='ltr'>Almmmri</span> 
     </span>
    </p>

    <p class='ocr_par' dir='ltr' id='par_1_14' title="bbox 542 2720 1733 2801">
     <span class='ocr_line' id='line_1_23' title="bbox 542 2720 1733 2801; baseline 0.003 -14"><span class='ocrx_word' id='word_1_185' title='bbox 542 2722 652 2788; x_wconf 80' lang='lat' dir='ltr'>filium</span> <span class='ocrx_word' id='word_1_186' title='bbox 680 2722 730 2787; x_wconf 82' lang='lat' dir='ltr'>Ra</span> <span class='ocrx_word' id='word_1_187' title='bbox 749 2728 867 2787; x_wconf 80' lang='lat' dir='ltr'>uatium</span> <span class='ocrx_word' id='word_1_188' title='bbox 893 2720 1070 2788; x_wconf 74' lang='lat' dir='ltr'>Funerum</span> <span class='ocrx_word' id='word_1_189' title='bbox 1094 2720 1225 2788; x_wconf 75' lang='lat' dir='ltr'>Parmae</span> <span class='ocrx_word' id='word_1_190' title='bbox 1251 2720 1289 2790; x_wconf 76' lang='grc' dir='ltr'>δι</span> <span class='ocrx_word' id='word_1_191' title='bbox 1315 2720 1502 2790; x_wconf 81' lang='lat' dir='ltr'>Placentiae</span> <span class='ocrx_word' id='word_1_192' title='bbox 1532 2722 1733 2801; x_wconf 85' lang='lat' dir='ltr'>Ducem,e</span> 
     </span>
    </p>

    <p class='ocr_par' dir='ltr' id='par_1_15' title="bbox 543 2802 1731 2891">
     <span class='ocr_line' id='line_1_24' title="bbox 543 2802 1731 2891; baseline -0.001 -19"><span class='ocrx_word' id='word_1_193' title='bbox 543 2803 704 2872; x_wconf 85' lang='lat' dir='ltr'>Bruxella</span> <span class='ocrx_word' id='word_1_194' title='bbox 764 2802 858 2889; x_wconf 86' lang='lat' dir='ltr'>ripstt</span> <span class='ocrx_word' id='word_1_195' title='bbox 882 2804 940 2872; x_wconf 86' lang='lat' dir='ltr'>die</span> <span class='ocrx_word' id='word_1_196' title='bbox 960 2823 1014 2874; x_wconf 86' lang='lat'>20.</span> <span class='ocrx_word' id='word_1_197' title='bbox 1038 2804 1220 2872; x_wconf 72' lang='lat' dir='ltr'>Februarii</span> <span class='ocrx_word' id='word_1_198' title='bbox 1242 2822 1337 2887; x_wconf 84' lang='lat'>1593.</span> <span class='ocrx_word' id='word_1_199' title='bbox 1354 2806 1392 2871; x_wconf 86' lang='lat' dir='ltr'>in</span> <span class='ocrx_word' id='word_1_200' title='bbox 1412 2826 1486 2891; x_wconf 83' lang='lat' dir='ltr'>qua</span> <span class='ocrx_word' id='word_1_201' title='bbox 1510 2808 1587 2873; x_wconf 83' lang='lat' dir='ltr'>baec</span> <span class='ocrx_word' id='word_1_202' title='bbox 1606 2807 1731 2874; x_wconf 79' lang='lat' dir='ltr'>verba:</span> 
     </span>
    </p>

    <p class='ocr_par' dir='ltr' id='par_1_16' title="bbox 544 2885 1733 2975">
     <span class='ocr_line' id='line_1_25' title="bbox 544 2885 1733 2975; baseline 0.002 -20"><span class='ocrx_word' id='word_1_203' title='bbox 544 2885 692 2955; x_wconf 85' lang='lat' dir='ltr'>Cominub</span> <span class='ocrx_word' id='word_1_204' title='bbox 708 2894 901 2971; x_wconf 83' lang='lat' dir='ltr'>agonizanti,</span> <span class='ocrx_word' id='word_1_205' title='bbox 915 2886 1011 2974; x_wconf 58' lang='lat' dir='ltr'>resque</span> <span class='ocrx_word' id='word_1_206' title='bbox 1021 2886 1064 2953; x_wconf 75' lang='lat' dir='ltr'>ad</span> <span class='ocrx_word' id='word_1_207' title='bbox 1077 2889 1182 2955; x_wconf 56' lang='lat' dir='ltr'>utam</span> <span class='ocrx_word' id='word_1_208' title='bbox 1191 2894 1325 2974; x_wconf 75' lang='lat' dir='ltr'>primam</span> <span class='ocrx_word' id='word_1_209' title='bbox 1338 2887 1533 2975; x_wconf 75' lang='lat' dir='ltr'>consequentis</span> <span class='ocrx_word' id='word_1_210' title='bbox 1544 2892 1654 2968; x_wconf 80' lang='lat' dir='ltr'>uariis,</span> <span class='ocrx_word' id='word_1_211' title='bbox 1665 2906 1733 2975; x_wconf 77' lang='lat' dir='ltr'>que</span> 
     </span>
    </p>

    <p class='ocr_par' dir='ltr' id='par_1_17' title="bbox 535 2967 1731 3059">
     <span class='ocr_line' id='line_1_26' title="bbox 535 2967 1731 3059; baseline -0.002 -22"><span class='ocrx_word' id='word_1_212' title='bbox 535 2983 611 3037; x_wconf 61' lang='lat' dir='ltr'>,erar</span> <span class='ocrx_word' id='word_1_213' title='bbox 625 2967 729 3035; x_wconf 87' lang='lat' dir='ltr'>tertia</span> <span class='ocrx_word' id='word_1_214' title='bbox 747 2968 937 3045; x_wconf 80' lang='lat' dir='ltr'>Decembris,</span> <span class='ocrx_word' id='word_1_215' title='bbox 958 2968 1062 3054; x_wconf 71' lang='lat' dir='ltr'>oillei,</span> <span class='ocrx_word' id='word_1_216' title='bbox 1082 2970 1249 3059; x_wconf 77' lang='lat' dir='ltr'>egreffbque</span> <span class='ocrx_word' id='word_1_217' title='bbox 1263 2991 1279 3037; x_wconf 90' lang='lat' dir='ltr'>e</span> <span class='ocrx_word' id='word_1_218' title='bbox 1297 2989 1416 3058; x_wconf 80' lang='lat' dir='ltr'>torpore</span> <span class='ocrx_word' id='word_1_219' title='bbox 1431 2972 1555 3053; x_wconf 71' lang='lat' dir='ltr'>anima,</span> <span class='ocrx_word' id='word_1_220' title='bbox 1575 2976 1671 3039; x_wconf 77' lang='lat' dir='ltr'>ararim</span> <span class='ocrx_word' id='word_1_221' title='bbox 1685 2970 1731 3037; x_wconf 62' lang='lat' dir='ltr'>ile</span> 
     </span>
    </p>

    <p class='ocr_par' dir='ltr' id='par_1_18' title="bbox 543 3047 1731 3201">
     <span class='ocr_line' id='line_1_27' title="bbox 543 3047 1731 3201; baseline 0.003 -84"><span class='ocrx_word' id='word_1_222' title='bbox 543 3047 742 3201; x_wconf 49' lang='grc' dir='ltr'>ωωβὲφφω</span> <span class='ocrx_word' id='word_1_223' title='bbox 756 3051 860 3149; x_wconf 77' lang='lat' dir='ltr'>clausi.</span> <span class='ocrx_word' id='word_1_224' title='bbox 900 3053 1034 3150; x_wconf 79' lang='lat' dir='ltr'>Excusa</span> <span class='ocrx_word' id='word_1_225' title='bbox 1051 3054 1100 3150; x_wconf 78' lang='lat' dir='ltr'>eil¹</span> <span class='ocrx_word' id='word_1_226' title='bbox 1119 3055 1194 3122; x_wconf 84' lang='lat' dir='ltr'>haec</span> <span class='ocrx_word' id='word_1_227' title='bbox 1214 3052 1357 3138; x_wconf 85' lang='lat' dir='ltr'>epistola</span> <span class='ocrx_word' id='word_1_228' title='bbox 1372 3054 1532 3125; x_wconf 82' lang='lat' dir='ltr'>Coloniae</span> <span class='ocrx_word' id='word_1_229' title='bbox 1544 3055 1731 3143; x_wconf 72' lang='lat' dir='ltr'>sumptibus</span> 
     </span>
    </p>

    <p class='ocr_par' dir='ltr' id='par_1_19' title="bbox 537 3133 1733 3321">
     <span class='ocr_line' id='line_1_28' title="bbox 539 3133 1733 3230; baseline 0.01 -28"><span class='ocrx_word' id='word_1_230' title='bbox 539 3134 642 3209; x_wconf 81' lang='lat' dir='ltr'>Arno</span> <span class='ocrx_word' id='word_1_231' title='bbox 657 3133 696 3202; x_wconf 88' lang='lat' dir='ltr'>dt</span> <span class='ocrx_word' id='word_1_232' title='bbox 710 3135 813 3221; x_wconf 88' lang='lat' dir='ltr'>Myln</span> <span class='ocrx_word' id='word_1_233' title='bbox 832 3152 887 3204; x_wconf 88' lang='lat' dir='ltr'>an.</span> <span class='ocrx_word' id='word_1_234' title='bbox 911 3140 1006 3223; x_wconf 84' lang='lat'>1598.</span> <span class='ocrx_word' id='word_1_235' title='bbox 1023 3155 1059 3203; x_wconf 88' lang='lat' dir='ltr'>tn</span> <span class='ocrx_word' id='word_1_236' title='bbox 1078 3136 1195 3206; x_wconf 79' lang='lat' dir='ltr'>labello</span> <span class='ocrx_word' id='word_1_237' title='bbox 1208 3140 1267 3205; x_wconf 84' lang='lat' dir='ltr'>cui</span> <span class='ocrx_word' id='word_1_238' title='bbox 1282 3139 1418 3207; x_wconf 74' lang='lat' dir='ltr'>titulun:</span> <span class='ocrx_word' id='word_1_239' title='bbox 1439 3140 1620 3230; x_wconf 69' lang='lat' dir='ltr'>Epitaphius</span> <span class='ocrx_word' id='word_1_240' title='bbox 1635 3147 1668 3213; x_wconf 85' lang='lat' dir='ltr'>in</span> <span class='ocrx_word' id='word_1_241' title='bbox 1681 3136 1733 3219; x_wconf 58' lang='lat' dir='ltr'>Sir</span> 
     </span>
     <span class='ocr_line' id='line_1_29' title="bbox 537 3214 1442 3321; baseline 0.002 -26"><span class='ocrx_word' id='word_1_242' title='bbox 537 3216 733 3321; x_wconf 67' lang='lat' dir='ltr'>rmrffiruem</span> <span class='ocrx_word' id='word_1_243' title='bbox 748 3218 966 3298; x_wconf 79' lang='lat' dir='ltr'>Alexandrum</span> <span class='ocrx_word' id='word_1_244' title='bbox 996 3217 1171 3311; x_wconf 66' lang='lat' dir='ltr'>rainerum</span> <span class='ocrx_word' id='word_1_245' title='bbox 1190 3222 1251 3298; x_wconf 73' lang='lat' dir='ltr'>&amp;u</span> <span class='ocrx_word' id='word_1_246' title='bbox 1272 3222 1333 3298; x_wconf 72' lang='lat' dir='ltr'>&amp;a</span> <span class='ocrx_word' id='word_1_247' title='bbox 1350 3214 1389 3293; x_wconf 88' lang='lat' dir='ltr'>iu&#39;</span> <span class='ocrx_word' id='word_1_248' title='bbox 1407 3226 1442 3297; x_wconf 78' lang='lat' dir='ltr'>i.</span> 
     </span>
    </p>
   </div>
   <div class='ocr_carea' id='block_1_4' title="bbox 653 3336 743 3422">
    <p class='ocr_par' dir='ltr' id='par_1_20' title="bbox 653 3336 743 3422">
     <span class='ocr_line' id='line_1_30' title="bbox 653 3336 743 3422; baseline 0 -19"><span class='ocrx_word' id='word_1_249' title='bbox 653 3336 743 3422; x_wconf 68' lang='grc' dir='ltr'>Η</span> 
     </span>
    </p>
   </div>
   <div class='ocr_carea' id='block_1_5' title="bbox 0 0 2024 5167">
    <p class='ocr_par' dir='ltr' id='par_1_21' title="bbox 0 0 2024 5167">
     <span class='ocr_line' id='line_1_31' title="bbox 0 0 2024 5167; baseline 0 0"><span class='ocrx_word' id='word_1_250' title='bbox 0 0 2024 5167; x_wconf 95' lang='lat' dir='ltr'> </span> 
     </span>
    </p>
   </div>
  </div>
 </body>
</html>
