3984 5167
369 541 1277 641 urnnns'n'cuunus
1345 575 1430 663 197

231 755 335 818 rent:
352 742 492 837 jamque
526 760 628 812 terrae
651 737 991 834 appropinquantes,
1020 739 1160 825 Carnium
1186 739 1353 825 Rofiacum
1372 741 1426 812 in·
1472 760 1579 832 1524

232 842 450 930 venem,qui
463 836 621 912 Actiacis
639 857 810 928 praeerar,
830 836 1062 928 quiquamvis
1079 831 1251 904 fortissime
1266 858 1427 928 pugnans

234 929 513 1026 Regiosaterrd
547 952 666 1002 arcere
693 950 899 1008 conaretur,
922 931 995 1000 vim
1025 949 1163 1011 tamen,
1193 947 1297 1020 atque
1316 931 1425 1023 impei

232 1044 307 1101 tour
327 1023 462 1100 'eorum
494 1025 659 1112 sustinere
680 1047 754 1095 non·
775 1027 902 1117 potuit.
952 1023 1074 1115 Itaque
1104 1045 1176 1094 non
1201 1023 1309 1094 solum
1333 1025 1427 1096 terrd

230 1122 337 1213 potiti
353 1119 453 1204 sunt,
479 1120 536 1192 sed
557 1121 593 1192 δι
615 1109 747 1190 hostem
768 1117 884 1192 occiso
911 1118 1047 1209 Bastarna
1065 1115 1291 1212 superarunt,
1315 1117 1428 1210 inquo
1508 1147 1515 1154 ·

231 1214 353 1310 sugarn'
366 1233 555 1288 verterunt.
605 1213 769 1305 Cumque
784 1216 907 1286 eodem
923 1211 1007 1285 fere
1017 1234 1178 1306 tempore
1203 1213 1335 1284 Saucius
1349 1215 1424 1284 Du·

231 1301 319 1394 nlla,
343 1312 405 1403 qui
441 1309 530 1382 clasii
557 1329 736 1401 praecrat,
769 1308 977 1398 alteramque
1002 1311 1151 1378 vehebat
1179 1328 1315 1401 partem
1339 1308 1427 1387 miti·

151 1395 159 1410 “
231 1423 326 1488 rum,
351 1402 494 1476 insulam
515 1425 657 1495 quoque
678 1400 838 1474 soeliciter
858 1397 1046 1492 attigisset,
1065 1404 1176 1474 omna
1200 1403 1371 1475 exercitus
1387 1403 1432 1474 in

232 1493 643 1590 Schouviamexposrtus
668 1498 759 1568 esis·
851 1531 853 1536 ·

173 1617 191 1650 ·
244 1649 248 1658 .
281 1591 379 1666 XVl.
406 1592 616 1678 Ziriseenzes
638 1593 709 1682 jam«
728 1613 816 1664 tunc
834 1593 945 1685 ruptis
964 1592 1174 1686 opportunis
1198 1590 1235 1664 in
1259 1591 1345 1664 locis
1367 1615 1432 1686 ago
1454 1660 1456 1671 ,

232 1689 379 1782 genibus
394 1690 483 1759 mari
501 1685 534 1758 se
551 1689 743 1770 cinxerant,
771 1688 818 1755 ira
845 1709 886 1758 ut
917 1709 987 1758 nun
1018 1706 1149 1780 pateret
1178 1690 1225 1758 ad¹
1251 1687 1432 1760 civitatem

233 1786 370 1865 aditus,
396 1780 459 1852 nist
475 1805 535 1875 per
550 1804 733 1876 aggerem,
759 1782 820 1872 qui
851 1805 895 1853 ex
926 1785 1041 1874 capite
1065 1781 1252 1874 (quodibi
1268 1780 1435 1874 vocant)

234 1877 471 1970 eo*vergebar.
524 1874 813 1964 Quamobrem
837 1878 968 1968 placuit
994 1877 1116 1970 Regiis
1145 1877 1297 1970 primunr
1316 1898 1435 1948 totana

196 1969 206 1976 ”
234 1972 380 2045 insulam
404 1984 606 2066 occupare,
642 1995 683 2042 ac
715 1969 760 2042 fic
792 1973 932 2040 tandem
961 1991 1107 2042 annonae
1134 1972 1282 2063 penuria
1306 1970 1428 2043 Zeric·

236 2089 335 2144 zoam
354 2065 402 2138 ad
423 2067 634 2138 deditionem
653 2088 791 2158 cogere.
843 2063 953 2157 Quod
971 2090 1051 2139 curn
1079 2069 1128 2137 ita
1156 2063 1239 2138 esset
1261 2064 1432 2141 constitu·

236 2181 333 2246 turn,
365 2164 547 2234 civitatem
568 2162 684 2254 quoad
717 2161 817 2232 licuit
851 2161 959 2233 milite
982 2163 1184 2254 cingentes,
1219 2160 1337 2233 misere
1366 2162 1432 2254 qui
1481 2185 1486 2195 ·
1533 2197 1537 2204 ·

237 2257 489 2329 Bommeneant
532 2255 785 2328 munitissiurum
816 2257 935 2326 locum
976 2277 1155 2347 caperent.
1210 2253 1324 2340 Qrod·
1350 2256 1435 2349 posis

236 2355 379 2459 tqulrarn
396 2352 486 2424 nturi
501 2351 757 2446 diruptionem,
781 2373 954 2442 unamque
972 2352 1106 2441 Joannis
1126 2349 1292 2444 Osarii(ut
1303 2352 1432 2440 sertor)

235 2450 345 2530 male,
359 2448 396 2518 &
411 2469 482 2517 non
499 2445 566 2518 sine
581 2449 680 2520 clade
694 2459 856 2516 tentatam
873 2443 1109 2531 invasionem,
1123 2469 1166 2516 ea
1178 2447 1294 2516 denuo
1307 2449 1433 2518 iterata

239 2533 378 2636 ckregie
405 2541 565 2614 succesfir.
617 2541 756 2612 Deinde
782 2537 1083 2608 Brauveshavium
1103 2561 1259 2630 caepere,
1285 2561 1436 2633 totaque

191 2647 196 2652 '
240 2637 350 2710 insula
367 2637 477 2730 potiti
497 2633 593 2721 sunt,
620 2631 841 2708 coadunetis
862 2633 1052 2705 minoribus
1075 2635 1246 2726 navigiis,
1272 2657 1350 2727 quae
1361 2659 1435 2709 me·
1475 2701 1479 2709 .

242 2733 460 2803 diterraneas
490 2751 597 2823 aquas
631 2729 766 2802 securas
790 2727 995 2800 redderent..
1039 2728 1237 2802 Exarurrere
1261 2751 1439 2821 praeterea

141 2843 145 2849 ·
241 2828 317 2900 aliis
333 2827 539 2918 opportunis
563 2825 700 2897 inlocis
720 2847 764 2894 ert
793 2823 944 2907 ratibus,
968 2821 1156 2916 vastisque,
1180 2824 1436 2920 arboribusque

135 2971 139 2980 -
243 2924 442 3014 colligatis,
466 2922 618 3012 miraque
642 2941 718 2992 arte
739 2917 936 3010 compositis
960 2925 1224 3011 propugnacula
1249 2925 1439 2994 tormentis

242 3016 378 3095 bellicis
398 3017 550 3098 munita,
573 3038 642 3107 quo
658 3017 769 3088 minus
793 3017 949 3086 Arrianus
975 3013 1109 3086 obsessis
1128 3019 1191 3087 vel·
1206 3018 1263 3099 vi,
1286 3021 1345 3088 vel
1358 3039 1438 3090 arte

241 3109 425 3184 subvenire
443 3107 566 3204 posset,
593 3109 630 3180 ln
640 3111 705 3182 hac
722 3109 943 3204 expeditione
954 3109 1087 3179 Vireisus
1099 3111 1132 3180 in
1144 3109 1441 3184 Santannelandia

185 3206 190 3212 ’
216 3249 218 3254 ·
242 3205 332 3282 febri
349 3213 557 3300 correptus,
575 3209 664 3280 dum
677 3205 903 3299 antverpiam
921 3207 1054 3278 triremi
1069 3206 1210 3278 uehitur
1221 3259 1242 3293 „
1257 3209 1294 3278 iu
1309 3208 1444 3279 itinere

243 3323 389 3382 mortem
412 3303 512 3376 obiit.
772 3367 776 3374 .

259 3451 266 3460 .
291 3393 407 3466 XVll.
432 3397 654 3487 Requesenniur
662 3396 770 3470 etiarn
784 3413 827 3466 eo
838 3390 1252 3486 reversi1s‚haud'purum
1269 3394 1446 3471 sollicitus

247 3510 343 3568 crat,
368 3510 440 3582 quo
460 3489 562 3580 pasto
580 3493 763 3584 pecuniam
787 3493 831 3561 ab
858 3487 1052 3578 Ordinibus
1075 3491 1298 3580 impetraret,
1322 3496 1442 3566 aliove.

247 3586 364 3657 motio·
373 3587 573 3676 provideret
584 3635 605 3666 ,.
620 3593 691 3680 quo
702 3585 805 3658 rebus
822 3579 1123 3677 bellicissunprus
1141 3581 1283 3678 suggeri
1289 3585 1436 3682 possent.

246 3681 289 3752 ln
312 3700 383 3772 quo
403 3680 519 3770 prinro
531 3681 616 3750 dum
635 3701 755 3774 parum
768 3675 930 3772 proficit,
942 3677 977 3747 iu
993 3679 1103 3750 altero
1120 3685 1305 3753 maximum
1322 3685 1369 3754 illi
1381 3703 1445 3756 ac*

245 3777 333 3850 cidit
352 3772 697 3846 incommodantes
716 3771 883 3866 Hispania
898 3775 988 3844 enirn
1000 3775 1278 3862 nuntiaturuesl,
1302 3775 1356 3850 Re
1381 3800 1446 3850 ern

246 3871 402 3946 severum
427 3869 531 3942 valde
562 3889 682 3940 contra
708 3869 946 3952 Mercatores,
970 3869 1007 3942 dc
1032 3871 1268 3964 negotiarores
1286 3799 1448 3945 ediciam
1474 3877 1501 3940 ’.

246 3962 501 4062 promulgasse,
518 3985 589 4056 quo
605 3960 730 4034 solutio
744 3962 951 4035 creditarum
966 3968 1190 4056 pecuniarum
1209 3972 1351 4041 omnino
1370 3967 1447 4060 sus*

142 4085 146 4090 ’
274 4060 482 4146 uidebatur3
496 4058 601 4132 unde
619 4055 746 4130 sciebat
773 4055 889 4130 fidem·
904 4060 1030 4152 regiam
1051 4059 1298 4154 pessumdatam
1314 4068 1376 4150 iri,
1401 4067 1451 4142 &
1476 4113 1585 4175 „m

246 4085 347 4245 imnl
361 4175 466 4252 atque
485 4154 554 4240 hnc
569 4154 821 4229 mercatoribus
832 4156 1105 4248 negotiatoribus
1119 4158 1373 4248 innotesceret,
1392 4184 1452 4236 nn
1473 4207 1611 4253 mm·
1680 4165 1683 4168 ’

193 4319 203 4340 ,
248 4251 389 4329 obnlm
405 4253 548 4348 quidem
570 4252 613 4324 ab
645 4248 714 4325 illis
732 4248 1053 4344 impetratipussa.
1087 4253 1204 4346 Quam
1225 4257 1273 4328 ob
1301 4258 1453 4332 causans⁵
1472 4285 1516 4330 m
1529 4288 1621 4348 neg„

247 4366 328 4444 mam
344 4349 475 4444 primus
494 4348 651 4428 ortuum
673 4347 717 4423 de
734 4345 862 4424 Edicto
882 4345 1088 4437 rescivisset,
1099 4371 1171 4426 non
1183 4372 1255 4428 tam
1269 4351 1453 4435 honesto„
1471 4351 1616 4442 tropus,
1690 4370 1694 4382 ·

419 4461 425 4471 ’
840 4437 903 4519 Bb
930 4463 966 4538 Ξ
1335 4447 1451 4541 antina
1473 4441 1620 4486 ''W'‘
