3984 5167
227 536 231 541 ·
355 524 1245 627 metueremus.
1332 448 1448 659 475(-

224 731 366 811 utpote,
390 712 487 807 qnod
506 704 671 805 jamiam
687 728 786 783 certo
795 679 1108 807 'sperare'poteran
1120 705 1220 782 brevi
1236 710 1311 785 voti
1321 734 1415 786 oom-
1456 743 1549 836 ,535

221 832 336 909 potem
366 808 400 881 se
425 806 609 891 futurum,
642 802 811 898 Hispania
843 826 955 891 vero,
982 802 1081 899 qood
1110 824 1180 879 tam
1211 810 1348 903 egregie
1369 834 1411 885 ac
1552 794 1561 816 '

220 909 361 982 viriliter
386 902 454 981 sese
480 900 675 1000 gessissent,
707 899 895 975 admodum
915 899 1100 996 gloriosae.
1143 899 1239 975 -Nec
1256 904 1356 976 etiam
1378 910 1412 980 ei

219 1003 346 1089 defuit,
371 990 556 1095 antequam
574 1001 750 1091 Antuerpia
769 998 966 1093 potiretur,
990 998 1085 1072 aliud
1100 994 1320 1092 sommopere
1335 1022 1411 1093 gra·

218 1100 312 1182 tum,
337 1095 508 1192 rebusque
524 1096 628 1189 regiis
653 1096 756 1169 valde
772 1093 1060 1180 accommodum,
1079 1114 1206 1189 nempe
1225 1096 1409 1171 Mechlinioe

216 1195 347 1269 deditio
373 1189 660 1297 decimdseptima
678 1190 776 1281 Julii.
812 1190 973 1263 Tandem
995 1210 1051 1281 17.
1068 1191 1237 1286 Augusti,
1257 1194 1295 1267 dt
1320 1201 1407 1266 Ant·
1436 1169 1554 1308 ml&

216 1288 446 1385 nummicola
461 1286 640 1359 deditione
651 1283 744 1381 Regi
758 1284 792 1358 se
807 1286 1407 1384 reconciliavit,eantqueingreisua
1434 1267 1499 1386 ,κζ
1520 1271 1585 1389 ᾖα·

213 1390 259 1461 esi
284 1381 464 1477 Pormrnſss
481 1389 538 1459 28.
564 1380 714 1473 ejusdem
743 1378 890 1467 mensis,
915 1404 1024 1475 utque
1049 1384 1138 1454 nihil
1166 1382 1290 1459 eodem
1314 1408 1406 1460 anno
1434 1419 1487 1461 non
1508 1408 1588 1468 Ant-

214 1484 397 1557 felicitatis
419 1477 696 1565 desideraretur,
726 1498 778 1567 19.
803 1478 922 1571 postea
946 1476 1182 1566 Novembris,
1206 1484 1404 1573 petentibus
1433 1478 1566 1575 vespm

210 1576 358 1674 ipsismet
383 1576 523 1651 civibus
555 1597 669 1649 arcem
691 1575 835 1647 interius
859 1575 1039 1648 civitatem
1062 1573 1181 1649 versus
1202 1574 1403 1651 demolitam
1426 1560 1578 1705 ἔξω·

210 1673 420 1748 reaedisrcare
443 1672 605 1765 incoepit,
634 1692 698 1743 nec
728 1670 773 1743 ab
797 1690 902 1762 opere
931 1660 1220 1754 destitit,'donec
1247 1675 1291 1746 ad
1318 1676 1405 1747 anti·
1432 1732 1493 1776 arx.

214 1794 316 1865 quam
340 1766 590 1866 persedionem
608 1764 690 1839 esset¹
707 1763 872 1853 remeia,
895 1764 1008 1840 electo
1024 1767 1060 1840 in
1080 1769 1171 1840 arcis
1196 1763 1406 1844 Praefeeum
1510 1850 1518 1862 ,

213 1868 439 1961 Mondrogonio
453 1884 536 1936 cum
555 1861 716 1958 presidio
732 1858 949 1959 Hispanico,
975 1864 1025 1937 ita
1043 1883 1084 1935 ut
1101 1864 1266 1959 deinceps
1285 1866 1403 1953 tanta,

210 1984 347 2057 tamque
377 1962 508 2034 mnnita
534 1962 657 2033 civitas
685 1960 730 2033 ad
758 1960 928 2053 gremium
958 1958 1009 2033 soi
1037 1959 1213 2055 Principis
1240 1962 1405 2051 reversa,

210 2061 324 2135 denuo
341 2057 455 2132 secuta
470 2059 506 2129 in
527 2055 595 2129 side
612 2074 815 2151 permanere
834 2055 1004 2149 potuerit.

255 2154 368 2229 XLll.
395 2153 553 2247 Recepti
570 2150 750 2247 Anturrpid
769 2200 782 2239 ,
806 2148 985 2243 Permenſss
1003 2152 1110 2225 Corolo
1130 2151 1327 2249 Mensfeldio
1343 2178 1402 2227 ex·
1445 2172 1551 2259 15860·
1622 2223 1625 2229 .

209 2254 354 2326 ercitum
371 2250 568 2326 ducendum
587 2250 782 2341 campiniam
798 2246 918 2323 versuo
936 2248 1128 2335 commifit,
1153 2273 1233 2323 cum
1263 2253 1403 2325 manda·
1582 2291 1588 2300 ·

210 2350 273 2436 tia,
298 2368 337 2421 ut
354 2350 468 2442 primo'
486 2368 628 2441 quoque
645 2348 774 2418 idoneo
793 2362 953 2439 tempore
971 2344 1113 2417 Grnoom
1129 2342 1297 2419 obsessum
1314 2350 1402 2437 iretg

207 2444 266 2519 ille
294 2442 359 2520 sese
383 2444 500 2527 itineri
525 2442 698 2522 accinxit,
723 2460 874 2534 cumque
895 2445 965 2533 jam
995 2442 1090 2512 illam
1112 2442 1291 2515 civitatem
1315 2442 1404 2517 obsr·

208 2543 313 2616 dione
334 2538 509 2623 cinxisset,
534 2534 653 2611 misere
680 2536 846 2609 Rebelles
873 2536 1056 2607 Nouritiunt
1080 2536 1234 2632 Anglom
1262 2536 1405 2613 scientia

208 2638 259 2711 rei
285 2638 440 2708 militarie
467 2636 618 2721 clarum,
649 2655 690 2705 ac
714 2631 888 2706 strenuum
907 2628 1064 2713 Ducem,
1093 2656 1174 2706 cum
1204 2634 1287 2706 satie
1310 2636 1404 2710 bonai

208 2734 357 2806 militum
380 2752 504 2813 manu,
529 2746 570 2803 ut
586 2726 765 2802 obsidione
780 2729 958 2801 civitatem
974 2726 1120 2802 liberare
1138 2744 1297 2802 tentaret.
1332 2730 1404 2806 Ve-

208 2828 261 2901 nit
284 2830 313 2901 is
339 2827 379 2901 ei
405 2846 565 2922 exparte
584 2848 663 2922 quae
687 2826 847 2899 imminet
864 2824 1022 2910 civitati,
1046 2828 1180 2920 Megem
1199 2826 1340 2911 versus3
1365 2826 1405 2901 ὸ·

207 2945 330 3002 contra
366 2924 493 3005 Carolus
523 2922 637 2997 eidem
661 2923 802 2995 obviam
834 2923 885 2994 ire
912 2921 1060 3004 volens,
1087 2923 1201 3017 primo
1230 2925 1405 3019 legionem

204 3046 310 3095 unam
336 3018 588 3115 Hispanicam,
611 3016 739 3092 deinde
766 3018 853 3095 alios
880 3017 1014 3111 aliquot
1040 3020 1166 3093 milites
1195 3022 1314 3115 aggeri
1340 3021 1406 3094 im·

206 3118 353 3214 posuit:
387 3116 438 3188 illi
458 3138 544 3191 vero
574 3117 744 3190 continuo
771 3116 998 3188 munitionem
1017 3137 1140 3203 unam,
1168 3139 1272 3209 quam
1288 3118 1404 3190 hoster

207 3210 435 3288 transversam
447 3214 483 3285 in
501 3234 628 3308 aggere
645 3212 836 3296 habebant,
847 3231 1085 3307 occuparunt,
1096 3235 1137 3286 ac
1151 3214 1286 3285 virtute
1303 3212 1407 3308 quid·

208 3310 266 3385 vie
289 3308 385 3403 polle
407 3308 470 3383 fibi
487 3307 909 3405 persuadentes,ulterius
931 3309 1064 3381 hostem
1087 3307 1206 3381 versos
1228 3308 1406 3403 intrepide
1442 3356 1446 3364 ι

202 3407 495 3499 contenderunt,
521 3406 579 3481 sed
612 3408 757 3481 eundem
783 3427 854 3480 tam
883 3407 974 3479 bene
1004 3405 1171 3477 invenere
1204 3406 1404 3494 munitum,

205 3518 248 3571 ut
266 3501 403 3571 tandem
424 3500 466 3572 de
483 3505 599 3575 reditu
619 3504 774 3597 cogitare
797 3498 1082 3587 fuerintcoatii,
1109 3500 1202 3669 quod
1226 3522 1307 3573 cum
1325 3524 1406 3575 raro

204 3592 279 3669 fine
298 3593 499 3668 confusione
525 3593 633 3672 soleat
651 3596 834 3683 accidere,
861 3596 960 3669 brevi
981 3618 1098 3675 resto
1132 3598 1182 3670 uit
1201 3598 1407 3683 redasta,ut

202 3688 304 3765 caefia
334 3692 622 3785 quamplurimis,
646 3694 775 3767 vexilla
791 3714 901 3788 opera
913 3686 1091 3787 Augustini
1104 3694 1141 3765 dr
1153 3695 1295 3765 Herma
1312 3710 1407 3788 aegre

202 3784 340 3861 suerint
358 3784 507 3862 servata.
557 3786 664 3863 Haud
680 3811 793 3865 tamen
811 3789 945 3880 idcirco
962 3791 1109 3861 Neritius
1128 3808 1215 3864 voto
1238 3789 1289 3863 est
1313 3793 1407 3885 poti·

199 3908 281 3973 tus,
308 3884 581 3981 continuataque
598 3890 715 3981 gravis
741 3886 762 3925 ‘
787 3882 949 3971 obsellro,
976 3886 1089 3959 donec
1106 3886 1246 3959 tandem
1264 3908 1307 3963 co
1352 3908 1404 3959 ro
1431 3932 1505 3993 *Le
1524 3954 1554 3994 e·

197 3978 317 4057 fectus
347 3977 524 4069 Parmensrs
549 3978 594 4053 ad
619 3980 830 4057 deditionem
856 3983 1003 4054 eandem
1035 3982 1154 4078 coegit
1187 3982 1279 4055 senta
1308 3908 1406 4074 simii
1430 3954 1558 4073 Gmfiae',

198 4084 421 4169 onno158o.
447 4080 676 4175 celeriterque
707 4083 789 4155 inde
806 4078 983 4156 Venloum
1004 4071 1073 4153 sese
1088 4072 1333 4177 mancionem,
1367 4082 1404 4154 id
1430 4130 1559 4192 Pomm

197 4177 304 4248 etiam
323 4200 366 4250 eo
383 4173 499 4249 mense
516 4176 695 4253 deditione
715 4181 752 4252 in
774 4176 868 4267 suam
886 4174 1094 4272 potestatem
1112 4175 1264 4272 redegit.
1367 4200 1370 4207 ·
1421 4209 1464 4290 fi,
1485 4210 1558 4268 Gra·

249 4268 378 4348 XLlIl.
404 4275 586 4349 Coeterum
607 4272 770 4351 Rebelles
788 4270 906 4349 amilio
925 4274 1085 4359 Auraico,
1103 4277 1275 4350 continuo
1289 4276 1405 4350 dero
1428 4292 1501 4346 oram
1517 4281 1555 4356 3

190 4368 316 4444 medio
336 4368 545 4465 cogitantes,
572 4364 1168 4542 animadverfibGnlllae'imoilinie
1178 4370 1343 4545 motiiqqtno
1352 4370 1410 4541 fig
1427 4367 1554 4522 ff·

852 4491 907 4545 oo
932 4492 954 4546 a
1269 4518 1272 4525 ·
1328 4490 1353 4564 g
1500 4482 1511 4503 ⁸
