3984 5167
532 542 629 637 ...430
660 514 719 651 ·J.
748 514 795 604 Β.
823 536 899 605 uu
928 506 1178 606 TASSlS
1209 502 1604 607 COMMENT.

367 726 497 815 ureae.
534 704 609 805 sa'm
621 763 634 801 ‚
659 707 843 782 Senensem
864 704 1156 802 consanguineum
1174 691 1408 805 ei'ptdfecit,
1421 719 1594 798 tamqnam
1610 702 1633 744 ¹*
1647 699 1732 779 serio

361 859 438 919 *Le
486 876 494 895 ,
545 808 618 903 ejus
634 804 881 880 construtlioui
900 824 1024 877 vacare
1031 802 1144 898 jullit,
1168 824 1208 874 ut
1221 805 1290 897 jam
1308 802 1519 873 adventante
1530 800 1737 875 aessateauni

352 876 503 1015 Ἤωὲἶξ,
545 902 765 998 onurgefimi
783 901 942 987 secundi,
960 898 1133 993 sexaginta
1151 900 1305 971 rostratae
1323 918 1431 969 navet
1445 894 1591 969 diverse
1608 902 1739 993 magni·

545 1000 694 1086 tudinis,
720 996 892 1070 instrudiae
907 1016 1108 1093 parataeque
1125 992 1276 1082 furunt,
1295 992 1422 1088 quibus
1437 991 1569 1064 bonum
1587 995 1735 1066 militum

544 1118 726 1169 numerum
745 1094 929 1187 imposuit„
957 1111 1155 1183 caeteroque
1176 1093 1219 1161 ad
1245 1112 1321 1162 eam
1340 1088 1602 1181 expeditionem
1624 1088 1738 1165 neces·

544 1191 633 1265 sario
648 1172 836 1285 apparatu,
860 1189 995 1261 abunde
1009 1186 1180 1279 providit:
1206 1184 1368 1280 Cumque
1386 1184 1450 1254 ‘am
1464 1186 1629 1258 idoneam
1640 1187 1737 1259 uasta

535 1286 627 1362 effer
656 1287 911 1380 tempestatem,
939 1287 1096 1357 Antonius
1119 1293 1204 1355 'cum
1223 1280 1291 1353 suis
1313 1208 1451 1353 claliem
1477 1278 1735 1369 conscendens,

545 1382 686 1456 tandem
703 1380 863 1477 vigesima
874 1378 1023 1453 secunda
1033 1378 1117 1472 Julii
1135 1378 1260 1451 insulas
1270 1376 1420 1450 Terretur
1435 1378 1605 1472 navigare
1612 1379 1734 1473 erepit,

541 1482 623 1576 ,qud
648 1477 727 1575 post
754 1480 889 1572 aliquot
905 1478 987 1549 dies
1014 1472 1164 1549 feliciter
1187 1475 1336 1569 appulit.
1384 1473 1547 1566 Philippos
1575 1495 1621 1546 ex
1635 1478 1738 1548 altera

541 1596 648 1672 parte
667 1574 804 1646 abunde
829 1578 872 1646 de
900 1571 1081 1655 omuibus,
1105 1592 1184 1666 quae
1208 1575 1244 1643 in
1269 1592 1348 1641 eum
1374 1568 1634 1642 intentabantur
1655 1590 1739 1644 tem·

496 1672 497 1675 ’
541 1672 682 1767 ¹pestive
707 1694 772 1764 per
790 1666 929 1765 Tafflum
943 1670 1074 1742 certior
1089 1668 1265 1752 redditur,
1284 1664 1330 1737 dt
1355 1662 1430 1759 ipse
1452 1666 1640 1761 imperarat
1657 1688 1742 1740 con·

547 1769 631 1841 strui
654 1763 790 1839 elaliem
815 1770 919 1859 eique
935 1763 1150 1863 praefecerat
1171 1764 1390 1836 Metellorum
1406 1761 1471 1834 ‘Dr
1489 1763 1603 1836 &aaa
1621 1768 1738 1849 Crux,

540 1864 663 1936 virum
678 1860 807 1934 fortem
826 1885 867 1935 ae
883 1859 1080 1947 strenuum,
1111 1883 1176 1933 nec
1201 1882 1273 1931 non
1291 1855 1462 1930 maritima
1476 1858 1610 1930 militari
1627 1857 1739 1933 scien·
1885 1928 1887 1935 .

549 1961 598 2031 tia
615 1959 816 2053 cumprimis
831 1956 1019 2041 illustrem,
1043 1956 1106 2052 qui
1123 1976 1178 2028 ter
1196 1956 1296 2027 denis
1307 1952 1569 2039 tantummodo,
1592 1954 1652 2028 sed
1665 1979 1740 2030 ma·

541 2056 628 2148 gnis
650 2053 828 2139 navibus,
853 2055 1064 2138 comitatus,
1089 2053 1267 2125 {Jiiribotto
1291 2048 1450 2135 solvens,
1482 2050 1521 2124 ἀ
1547 2052 1560 2122 i
1587 2050 1622 2125 l'e
1643 2054 1741 2125 resto

543 2148 733 2223 itineread
751 2148 898 2223 Terretur
916 2152 1084 2233 tendens,
1109 2170 1189 2223 curn
1209 2144 1348 2221 hostem
1362 2142 1419 2223 soi
1435 2146 1553 2219 iuven·
1620 2198 1632 2231 ‚
1653 2170 1739 2222 con·

369 2248 496 2343 713&th
542 2244 667 2343 digere
684 2268 755 2318 nou
772 2246 969 2358 dubitavit3
993 2263 1136 2356 tamque
1151 2244 1292 2356 fortiter
1308 2266 1350 2315 ac
1366 2240 1521 2317 mmose
1530 2240 1605 2316 -sese
1622 2242 1739 2340 gestit,

543 2362 590 2515 u
603 2336 1740 2533 titillationiala-..lmnamuurum

369 2484 500 2623 ffi‘rn.
547 2534 654 2609 ambo
669 2534 872 2611 occubuere
881 2534 972 2607 Aliae
986 2536 1090 2606 etiam
1116 2534 1269 2628 aliquot,
1293 2552 1375 2627 quae
1395 2528 1478 2626 fuga
1497 2530 1649 2606 evadere
1667 2555 1741 2606 non

385 2642 518 2701 utasTor·
545 2631 721 2745 potuire,
744 2634 901 2706 eamdem
928 2630 1062 2704 subiere
1084 2628 1273 2739 fortunam.
1322 2628 1628 2739 ‘Anto-tritteuautem
1656 2650 1738 2742 cum

545 2726 840 2921 lllllrlilll
857 2744 1742 2931 .lllll.llll⁶allllltltzlldl²l²l

551 2920 633 2993 liam
649 2919 766 2995 denuo
787 2918 821 2990 se
836 2922 978 3014 recepit.
1029 2915 1154 2991 vetor
1177 2918 1280 2990 etiam
1296 2913 1380 3012 post
1402 2937 1479 2988 rem
1500 2917 1594 2989 bene
1609 2917 1738 3014 gestam

551 3015 790 3109 egregiarum
813 3015 918 3087 laude
937 3014 1139 3087 Uliribonam
1160 3013 1286 3098 rediit,
1310 3013 1379 3085 Phi
1443 3014 1452 3031 ‘
1477 3016 1604 3108 procul
1629 3014 1739 3087 dubio

390 3198 394 3209 .
547 3110 746 3187 incredibili
775 3088 995 3197 commodo,
1019 3108 1045 3181 fi
1069 3112 1161 3181 enim
1188 3112 1225 3181 in
1251 3132 1296 3182 eo
1315 3130 1384 3181 con
1411 3107 1480 3180 istu
1506 3109 1739 3194 octobrium,

551 3226 628 3279 tum
651 3206 750 3279 Galli
768 3224 942 3301 tamquam
961 3207 1063 3277 maris
1086 3203 1396 3291 effediiDomiui,
1420 3202 1541 3277 saltem
1565 3209 1739 3279 Aaronem

545 3303 587 3376 in
606 3326 724 3377 earum
741 3301 926 3376 insularum
942 3297 1398 3387 dominio-constabilili'ent,
1409 3297 1651 3397 Hispanisque

544 3400 611 3472 ¹cul
625 3398 734 3473 dubio
756 3397 990 3472 difficillimam
1008 3401 1206 3474 earumdem
1222 3398 1521 3492 recuperationem
1536 3396 1640 3473 effer·
1669 3421 1742 3475 ent.

547 3493 641 3582 Quo
658 3516 728 3567 uno
744 3494 968 3586 incommodo
986 3497 1074 3569 nihil
1091 3494 1247 3570 securum
1267 3495 1411 3587 Philippu
1435 3493 1473 3565 io
1495 3498 1631 3569 recenti
1656 3496 1743 3569 Por·

550 3586 941 3683 tugalliaeacquilitioue
956 3591 1138 3677 extitiliet,
1161 3586 1344 3686 fuili'etque
1366 3608 1535 3684 praeterea
1559 3610 1631 3666 tam
1656 3589 1744 3666 din·

546 3687 628 3761 cilis
641 3686 755 3759 Indiae
777 3684 955 3781 Hispaniae
978 3690 1178 3785 navigatio,
1201 3706 1242 3757 ut
1258 3687 1376 3761 &hoc
1396 3686 1463 3759 suis
1480 3686 1616 3782 Regnis
1633 3690 1742 3761 maxi·

547 3806 645 3857 mum
667 3786 848 3857 allaturum
870 3780 983 3857 suilset
997 3784 1255 3858 incommodum
1271 3804 1312 3855 ac
1329 3783 1584 3856 detrimentum.
1609 3783 1745 3882 Regina

551 3880 672 3953 Mater
690 3880 737 3953 ob
750 3880 926 3975 perditam
947 3878 1082 3954 claffem
1102 3882 1189 3952 nihil
1213 3880 1257 3951 de
1284 3876 1369 3952 odio
1390 3882 1425 3950 in
1451 3880 1637 3973 Philippum
1658 3902 1743 3954 con-

546 3996 657 4071 cepto
672 3976 798 4049 remifit
818 3973 876 4048 sed
900 3978 935 4047 in
966 3998 1011 4049 eo
1033 3975 1279 4071 perseverans,
1303 3976 1471 4047 corduno
1493 3974 1539 4047 ad
1561 3974 1744 4050 consata·

368 4121 417 4160 ,Η
434 4116 504 4177 We
547 4073 682 4143 tionem
697 4070 875 4167 praedidiae
888 4074 1062 4166 primariae
1078 4070 1195 4145 insule
1213 4071 1364 4144 animum
1379 4072 1539 4146 intendit.

373 4198 470 4257 norrtt
601 4165 680 4237 XV.
706 4168 761 4241 Eo
779 4192 869 4242 anno
900 4171 1043 4263 Joannet
1061 4172 1202 4266 Jouregi
1223 4167 1272 4208 *⁴*
1298 4166 1421 4241 Bilbao
1451 4165 1644 4242 Cantabriae
1667 4186 1746 4239 me·

373 4280 483 4369 append.
546 4263 684 4355 tropoli
702 4264 891 4351 oriundus,
917 4264 1054 4359 Gaspero
1078 4262 1238 4360 Annosiro
1258 4262 1360 4337 etiam
1388 4262 1585 4348 cantabro,
1607 4284 1745 4336 merca·

371 4368 504 4513 223499·
552 4362 622 4440 rori
646 4358 747 4435 diviti
773 4358 977 4459 Antvorpiae
992 4360 1204 4447 inservient,
1229 4358 1407 4457 persuasus
1427 4362 1473 4439 ab
1486 4363 1551 4437 illo
1567 4356 1745 4547 (utiam)
