3984 5167
570 535 656 641 284
711 525 746 634 J.
774 523 823 613 Β.
850 504 1638 617 nnansstsoont'nluuu.
1759 554 1765 561 -

293 798 299 805 ,
415 737 516 812 1577.
573 718 773 813 Principes,
789 714 855 787 >sed
874 716 941 788 hoa
954 710 1154 809 praeeipde,
1180 713 1224 784 de
1240 708 1301 785 sul
1320 704 1451 808 justitia
1471 704 1662 787 sa'tisl'adlos
1690 700 1761 789 red·

574 820 669 888 dere.
695 817 912 905 Acceperat,
931 830 1115 903 antequam
1127 806 1764 906 Namurcodiscedetet,ex'llispanitl

574 914 726 1079 primum
742 905 942 1003 responsum
959 902 1065 999 snper
1086 902 1180 977 hisce
1203 906 1306 1017 novis
1330 906 1510 992 motibus,
1535 928 1607 1019 qou
1623 909 1668 979 ab
1690 909 1764 1002 ipso

573 1000 1488 1202 stilnlldl‘lldllillldldl,'illu
1501 1003 1767 1171 ‘ill—illd&

574 1198 646 1271 bat.
697 1196 805 1270 Unde
826 1195 949 1288 colligi
972 1189 1074 1264 facsse
1099 1206 1205 1277 erat,¹
1219 1192 1355 1287 Regem
1377 1196 1473 1265 haud
1499 1192 1646 1265 libenter
1666 1196 1765 1266 novis

573 1296 692 1365 denuo
708 1290 934 1371 tumultibus,
954 1289 1123 1382 bellisque
1146 1288 1348 1382 implicari:
1386 1288 1486 1361 fratri
1511 1308 1624 1362 tamen
1653 1290 1764 1361 statim

574 1388 724 1462 sublidio
746 1388 825 1460 fuit.
861 1382 978 1456 Etiam
993 1380 1170 1455 defecillet
1188 1380 1340 1477 Escuutdi
1371 1386 1575 1479 diligentia,
1606 1386 1764 1479 quicum

574 1490 717 1559 domum
731 1482 850 1557 versus
863 1483 949 1563 iret,
973 1481 1018 1553 ab
1034 1480 1171 1573 aliquot
1189 1480 1321 1573 ignotis
1336 1479 1471 1553 occisus
1488 1479 1614 1552 fuerat.
1635 1480 1764 1553 Curam

574 1602 745 1677 praeterea
767 1580 827 1651 dat
849 1578 960 1649 comiti
989 1576 1027 1646 de
1051 1576 1190 1667 Megbeu
1210 1574 1451 1651 conscribendi
1471 1596 1574 1648 unam
1590 1578 1763 1671 legionem

574 1675 843 1775 Germanorum.
868 1671 953 1743 Una
968 1694 1013 1743 ex
1030 1668 1383 1765 Lotharingi1,julla
1405 1668 1530 1745 confici
1555 1670 1763 1745 Dominidt

574 1776 617 1851 δ’.
636 1775 821 1853 Baianum,
846 1768 925 1841 viro
945 1764 1160 1861 summopere
1184 1767 1289 1839 rebus
1311 1766 1431 1862 Regiis
1456 1766 1607 1839 addisto.
1643 1766 1763 1841 Domi·
1882 1796 1883 1855 p

573 1873 628 1944 nis
642 1872 680 1941 de
699 1866 830 1953 Hucdt,
854 1861 1016 1953 Wlufan,
1036 1862 1073 1935 δι
1092 1858 1251 1933 Domino
1266 1862 1303 1933 da
1319 1863 1546 1956 Hauteptune,
1564 1862 1716 1960 Hiergit'l
1749 1891 1762 1917 ι
1881 1868 1883 1945 l

573 1968 643 2053 tri,
663 1984 748 2036 cura
766 1963 847 2034 data
862 1956 1100 2031 conscribendi
1127 1954 1278 2051 fingulas
1305 1978 1435 2031 turmas
1460 1961 1625 2055 equitum.
1675 1958 1761 2033 Dux
1882 1952 1883 1975 i

571 2064 707 2136 Etrt'cus
737 2050 972 2146 Brunsuicenfis
996 2050 1087 2148 Regi
1115 2052 1378 2144 devotiffimus,
1431 2052 1560 2127 romifit
1577 2106 1589 2143 ‚
1605 2053 1763 2152 mifitque
1828 2152 1830 2157 Ι

570 2154 691 2253 postea
707 2154 774 2224 tria
789 2154 895 2223 millia
913 2150 1172 2223 Germanorum
1190 2152 1357 2245 equitum.
1389 2078 1446 2223 dx
1468 2150 1618 2247 reliquiis
1649 2150 1762 2247 Frutest

570 2255 690 2347 iurgii,
714 2272 755 2321 ac
778 2247 907 2323 Focari,
932 2267 1012 2340 quae
1041 2242 1328 2343 Lnxembutgum
1352 2242 1386 2318 se
1410 2267 1642 2343 receperant,
1670 2269 1763 2321 com·

459 2379 476 2393 ·‘
572 2349 689 2446 plures
707 2346 869 2421 cohortes
888 2341 1086 2436 deintegro
1104 2339 1291 2415 confeetae:
1318 2346 1456 2414 Antonio
1473 2344 1514 2413 de
1534 2342 1632 2435 Tuffit
1655 2344 1762 2437 impe·

572 2466 705 2530 ratum,
731 2463 821 2536 quos
851 2436 964 2534 pollet
995 2436 1102 2512 ltalos
1129 2439 1166 2509 in
1188 2460 1306 2512 ¹unum
1332 2440 1545 2533 colligeret,
1568 2460 1614 2509 ex
1638 2441 1762 2532 quibua

574 2542 727 2637 primum
746 2537 833 2618 und,
853 2530 976 2629 postea
992 2533 1085 2607 binae
1107 2534 1269 2609 cohortes
1286 2531 1468 2608 coufteiae.
1505 2535 1611 2607 Catulo
1631 2536 1761 2626 Citnitt',

572 2634 757 2730 Mausfeltt‘i
768 2631 867 2719 filio,
885 2632 945 2723 qui
956 2631 1018 2702 diu
1032 2630 1067 2701 in
1081 2628 1200 2704 Gallii
1215 2656 1234 2704 e
1260 2653 1353 2718 erat,
1370 2628 1604 2717 commilsum,
1625 2648 1665 2702 ut
1682 2653 1763 2705 con·

573 2733 716 2806 duceret
733 2749 885 2823 quatuot
893 2724 1078 2798 Gallorum
1095 2728 1220 2814 millia,
1281 2728 1492 2821 cataphratti
1503 2728 1636 2820 equites
1648 2730 1762 2800 Mum⁴

425 2859 434 2868 ‘
565 2826 657 2920 scitii
668 2877 680 2912 ,
709 2847 751 2897 ac
774 2823 1014 2895 Barlamontam'
1039 2821 1129 2894 bene
1158 2841 1256 2895 erant
1280 2819 1472 2917 compuliti.
1505 2822 1766 2896 Revertebatut

575 2924 679 2997 etiam
703 2918 900 3004 exercitus,
915 2920 975 3009 qui
988 2918 1110 3011 paucis
1130 2940 1211 2993 ante
1231 2914 1404 2990 meulibus
1421 2920 1457 2991 in
1476 2916 1608 2991 ltaliam
1629 2918 1663 2990 se
1682 2942 1762 2993 con·

574 3018 728 3096 tulerat,
752 3036 816 3086 nec
839 3012 1013 3097 defuere,
1036 3014 1097 3108 qui
1120 3014 1240 3109 majori
1265 3014 1444 3087 celeritate
1468 3016 1698 3104 advolarunt,
1724 3036 1764 3089 ue

574 3111 742 3208 Andrium
782 3110 885 3183 citius
919 3108 1047 3217 praestp
1070 3108 1192 3182 elleut:
1218 3112 1314 3182 inter·
1333 3130 1419 3203 quus
1443 3108 1543 3184 luere
1568 3112 1702 3195 Petrus,
1727 3112 1763 3186 dt

390 3234 521 3393 ld·
567 3206 895 3400 illidii
913 3202 1774 3398 dlldlsslldllsslll,llllllldllj.

395 3408 527 3485 mm·
576 3425 680 3496 quam
698 3399 903 3510 appetebat,
927 3394 989 3469 usu
1005 3419 1108 3507 atque
1128 3399 1337 3492 experientia
1353 3396 1413 3469 fibi
1424 3400 1627 3491 acquireret.
1677 3397 1768 3487 Qui·

398 3473 526 3609 ll?
575 3491 1538 3685 {sataleitluealealineaeque
1552 3494 1768 3663 illitu

575 3689 672 3764 tariae
689 3707 756 3758 tem
785 3687 890 3760 estive
905 3705 1090 3768 vacatutn,
1114 3682 1151 3757 δι
1167 3684 1323 3759 Domino
1338 3686 1375 3756 de
1390 3686 1659 3759 Noutsmuneris
1677 3686 1768 3759 illius

575 3786 737 3883 supremo
777 3780 918 3855 raefeuo
929 3777 1078 3875 pecunid
1088 3779 1168 3854 satis
1181 3780 1362 3855 numerosi
1379 3783 1422 3853 ad
1435 3782 1471 3855 id
1481 3782 1579 3863 dati,
1598 3784 1650 3855 uti
1665 3784 1768 3855 etiam

576 3884 613 3955 iu
631 3905 668 3956 re
682 3878 907 3955 bombardici
919 3879 1007 3951 nihil
1025 3876 1243 3972 negledlum,
1268 3880 1428 3973 quamuis
1446 3880 1609 3951 maximas
1629 3872 1771 3953 haberet

576 3976 815 4062 difficultates,
839 3975 887 4048 ob
898 3990 1150 4048 tormentorum
1165 3973 1371 4047 bellicorum
1389 3976 1618 4069 paucitatem,
1644 3968 1771 4045 manse·

577 4094 654 4146 tant
673 4074 815 4150 enimin
836 4070 1010 4147 Ordinum
1034 4066 1204 4163 potestate
1220 4070 1303 4153 illa,
1328 4072 1455 4165 quibus
1485 4071 1521 4159 in
1541 4069 1773 4165 expeditioni·
1881 4110 1884 4195 p

576 4168 645 4241 bus
666 4170 720 4241 uti
749 4164 958 4241 consuetum.
1010 4162 1059 4238 Et
1080 4188 1120 4239 ut
1142 4190 1207 4241 nec
1222 4164 1356 4261 scripto
1371 4162 1435 4239 fibi
1458 4162 1608 4249 deell'et,
1634 4162 1774 4262 respon·
1883 4196 1884 4261 p

573 4260 648 4339 sum
665 4260 824 4337 adversus
844 4266 941 4341 illum
960 4256 1137 4337 ordinum
1161 4264 1341 4349 libellum,
1367 4265 1446 4359 quo¹
1461 4260 1520 4337 sua
1540 4264 1692 4357 incoepta
1714 4266 1775 4334 ima
1883 4262 1884 4347 ζ

573 4358 800 4465 probabant„
816 4360 860 4438 de
874 4356 1085 4467 quolupta,
1109 4357 1258 4454 confici,
1272 4360 1519 4459 publieatiquu.
1535 4360 1693 4527 amavit&
1713 4380 1777 4431 nu-
1882 4410 1884 4479 γ

1138 4478 1147 4503 ·
1693 4474 1796 4550 aqum
1883 4516 1884 4529 ,

1882 4562 1884 4601 1
