<?xml version="1.0" encoding="UTF-8"?>
<!DOCTYPE html PUBLIC "-//W3C//DTD XHTML 1.0 Transitional//EN"
    "http://www.w3.org/TR/xhtml1/DTD/xhtml1-transitional.dtd">
<html xmlns="http://www.w3.org/1999/xhtml" xml:lang="en" lang="en">
 <head>
  <title>
</title>
<meta http-equiv="Content-Type" content="text/html;charset=utf-8" />
  <meta name='ocr-system' content='tesseract 3.04.00' />
  <meta name='ocr-capabilities' content='ocr_page ocr_carea ocr_par ocr_line ocrx_word'/>
</head>
<body>
  <div class='ocr_page' id='page_1' title='image "./vitavigliiabayt00papegoog_0494.png"; bbox 0 0 3984 5167; ppageno 0'>
   <div class='ocr_carea' id='block_1_1' title="bbox 369 480 1484 630">
    <p class='ocr_par' dir='ltr' id='par_1_1' title="bbox 369 480 1484 630">
     <span class='ocr_line' id='line_1_1' title="bbox 369 480 1484 630; baseline 0.01 -53"><span class='ocrx_word' id='word_1_1' title='bbox 369 480 664 589; x_wconf 77' lang='lat' dir='ltr'>uranu</span> <span class='ocrx_word' id='word_1_2' title='bbox 736 480 1257 582; x_wconf 82' lang='lat' dir='ltr'>snunrmus.</span> <span class='ocrx_word' id='word_1_3' title='bbox 1353 500 1484 630; x_wconf 61' lang='lat'>485,</span> 
     </span>
    </p>
   </div>
   <div class='ocr_carea' id='block_1_2' title="bbox 237 670 1641 1259">
    <p class='ocr_par' dir='ltr' id='par_1_2' title="bbox 237 670 1641 1259">
     <span class='ocr_line' id='line_1_2' title="bbox 242 670 1641 791; baseline 0.005 -38"><span class='ocrx_word' id='word_1_4' title='bbox 242 678 327 777; x_wconf 89' lang='lat' dir='ltr'>quin</span> <span class='ocrx_word' id='word_1_5' title='bbox 345 678 538 791; x_wconf 80' lang='lat' dir='ltr'>perdificile</span> <span class='ocrx_word' id='word_1_6' title='bbox 555 698 629 751; x_wconf 87' lang='lat' dir='ltr'>erat</span> <span class='ocrx_word' id='word_1_7' title='bbox 653 677 796 755; x_wconf 89' lang='lat' dir='ltr'>civitate</span> <span class='ocrx_word' id='word_1_8' title='bbox 814 670 932 789; x_wconf 74' lang='lat' dir='ltr'>potiri.</span> <span class='ocrx_word' id='word_1_9' title='bbox 983 677 1070 752; x_wconf 86' lang='lat' dir='ltr'>Erat</span> <span class='ocrx_word' id='word_1_10' title='bbox 1090 680 1129 753; x_wconf 91' lang='lat' dir='ltr'>id</span> <span class='ocrx_word' id='word_1_11' title='bbox 1151 680 1291 790; x_wconf 86' lang='lat' dir='ltr'>quidem</span> <span class='ocrx_word' id='word_1_12' title='bbox 1318 684 1439 759; x_wconf 87' lang='lat' dir='ltr'>castel·</span> <span class='ocrx_word' id='word_1_13' title='bbox 1495 690 1599 780; x_wconf 80' lang='lat'>1587.</span> <span class='ocrx_word' id='word_1_14' title='bbox 1638 747 1641 760; x_wconf 91' lang='lat'>.</span> 
     </span>
     <span class='ocr_line' id='line_1_3' title="bbox 239 773 1439 955; baseline 0.001 -9"><span class='ocrx_word' id='word_1_15' title='bbox 239 780 312 851; x_wconf 64' lang='lat'>&#39;⁰¹¹¹</span> <span class='ocrx_word' id='word_1_16' title='bbox 329 798 493 947; x_wconf 56' lang='lat' dir='ltr'>unffi</span> <span class='ocrx_word' id='word_1_17' title='bbox 501 778 944 947; x_wconf 56' lang='lat' dir='ltr'>triniaiiiiiuiiit</span> <span class='ocrx_word' id='word_1_18' title='bbox 965 773 1439 955; x_wconf 52' lang='lat' dir='ltr'>neiiiaeuiii‘iaquffl</span> 
     </span>
     <span class='ocr_line' id='line_1_4' title="bbox 237 892 1437 1079; baseline 0.003 -33"><span class='ocrx_word' id='word_1_19' title='bbox 237 892 463 1059; x_wconf 54' lang='lat' dir='ltr'>ddnetdiidrat</span> <span class='ocrx_word' id='word_1_20' title='bbox 489 970 510 1043; x_wconf 70' lang='lat' dir='ltr'>i</span> <span class='ocrx_word' id='word_1_21' title='bbox 535 896 676 1043; x_wconf 60' lang='lat' dir='ltr'>divitae</span> <span class='ocrx_word' id='word_1_22' title='bbox 703 926 796 1078; x_wconf 30' lang='lat' dir='ltr'>..dd</span> <span class='ocrx_word' id='word_1_23' title='bbox 820 894 1014 1079; x_wconf 55' lang='lat' dir='ltr'>haimonini</span> <span class='ocrx_word' id='word_1_24' title='bbox 1042 991 1111 1078; x_wconf 85' lang='lat' dir='ltr'>pro</span> <span class='ocrx_word' id='word_1_25' title='bbox 1143 900 1361 1079; x_wconf 65' lang='lat' dir='ltr'>inacceiiibiii</span> <span class='ocrx_word' id='word_1_26' title='bbox 1390 977 1437 1050; x_wconf 92' lang='lat' dir='ltr'>ob</span> 
     </span>
     <span class='ocr_line' id='line_1_5' title="bbox 239 1063 1462 1176; baseline 0.004 -37"><span class='ocrx_word' id='word_1_27' title='bbox 239 1088 366 1176; x_wconf 78' lang='lat' dir='ltr'>aquae,</span> <span class='ocrx_word' id='word_1_28' title='bbox 390 1090 471 1161; x_wconf 85' lang='lat' dir='ltr'>quae</span> <span class='ocrx_word' id='word_1_29' title='bbox 489 1066 622 1139; x_wconf 88' lang='lat' dir='ltr'>aditum</span> <span class='ocrx_word' id='word_1_30' title='bbox 638 1063 894 1175; x_wconf 70' lang='lat' dir='ltr'>prominebant,</span> <span class='ocrx_word' id='word_1_31' title='bbox 912 1066 1047 1138; x_wconf 84' lang='lat' dir='ltr'>idcirco</span> <span class='ocrx_word' id='word_1_32' title='bbox 1068 1067 1116 1137; x_wconf 87' lang='lat' dir='ltr'>nil</span> <span class='ocrx_word' id='word_1_33' title='bbox 1132 1090 1246 1139; x_wconf 83' lang='lat' dir='ltr'>minus</span> <span class='ocrx_word' id='word_1_34' title='bbox 1259 1070 1438 1161; x_wconf 84' lang='lat' dir='ltr'>cogitabat</span> <span class='ocrx_word' id='word_1_35' title='bbox 1458 1155 1462 1161; x_wconf 43' lang='grc'><strong>,</strong></span> 
     </span>
     <span class='ocr_line' id='line_1_6' title="bbox 237 1160 1439 1259; baseline 0.004 -24"><span class='ocrx_word' id='word_1_36' title='bbox 237 1162 366 1251; x_wconf 80' lang='lat' dir='ltr'>hostia,</span> <span class='ocrx_word' id='word_1_37' title='bbox 383 1184 487 1258; x_wconf 89' lang='lat' dir='ltr'>quam</span> <span class='ocrx_word' id='word_1_38' title='bbox 512 1162 598 1238; x_wconf 91' lang='lat' dir='ltr'>illud</span> <span class='ocrx_word' id='word_1_39' title='bbox 625 1160 722 1255; x_wconf 80' lang='lat' dir='ltr'>poiie</span> <span class='ocrx_word' id='word_1_40' title='bbox 745 1162 875 1234; x_wconf 85' lang='lat' dir='ltr'>luvadt.</span> <span class='ocrx_word' id='word_1_41' title='bbox 921 1160 1058 1252; x_wconf 83' lang='lat' dir='ltr'>&#39;Verum</span> <span class='ocrx_word' id='word_1_42' title='bbox 1082 1160 1280 1255; x_wconf 79' lang='lat' dir='ltr'>Parmenstt,</span> <span class='ocrx_word' id='word_1_43' title='bbox 1300 1168 1362 1259; x_wconf 87' lang='lat' dir='ltr'>qui</span> <span class='ocrx_word' id='word_1_44' title='bbox 1381 1189 1439 1239; x_wconf 82' lang='lat' dir='ltr'>eir·</span> 
     </span>
    </p>
   </div>
   <div class='ocr_carea' id='block_1_3' title="bbox 122 1254 1437 1357">
    <p class='ocr_par' dir='ltr' id='par_1_3' title="bbox 122 1254 1437 1357">
     <span class='ocr_line' id='line_1_7' title="bbox 122 1254 1437 1357; baseline 0.004 -28"><span class='ocrx_word' id='word_1_45' title='bbox 122 1312 129 1329; x_wconf 88' lang='lat'><strong>.</strong></span> <span class='ocrx_word' id='word_1_46' title='bbox 239 1254 372 1354; x_wconf 80' lang='lat' dir='ltr'>plorari</span> <span class='ocrx_word' id='word_1_47' title='bbox 394 1279 579 1333; x_wconf 82' lang='lat' dir='ltr'>curaverat</span> <span class='ocrx_word' id='word_1_48' title='bbox 601 1280 666 1351; x_wconf 92' lang='lat' dir='ltr'>per</span> <span class='ocrx_word' id='word_1_49' title='bbox 691 1256 803 1351; x_wconf 89' lang='lat' dir='ltr'>ipsum</span> <span class='ocrx_word' id='word_1_50' title='bbox 831 1258 1073 1345; x_wconf 81' lang='lat' dir='ltr'>Marcdinnem,</span> <span class='ocrx_word' id='word_1_51' title='bbox 1098 1280 1261 1333; x_wconf 90' lang='lat' dir='ltr'>necnon</span> <span class='ocrx_word' id='word_1_52' title='bbox 1283 1260 1437 1357; x_wconf 82' lang='lat' dir='ltr'>Augusti·</span> 
     </span>
    </p>
   </div>
   <div class='ocr_carea' id='block_1_4' title="bbox 125 1348 1615 4535">
    <p class='ocr_par' dir='ltr' id='par_1_4' title="bbox 125 1348 1615 3638">
     <span class='ocr_line' id='line_1_8' title="bbox 238 1348 1438 1453; baseline 0.003 -27"><span class='ocrx_word' id='word_1_53' title='bbox 238 1378 318 1426; x_wconf 84' lang='lat' dir='ltr'>num</span> <span class='ocrx_word' id='word_1_54' title='bbox 330 1356 368 1425; x_wconf 80' lang='lat' dir='ltr'>rie</span> <span class='ocrx_word' id='word_1_55' title='bbox 388 1355 528 1427; x_wconf 83' lang='lat' dir='ltr'>Herrero</span> <span class='ocrx_word' id='word_1_56' title='bbox 547 1377 591 1427; x_wconf 87' lang='lat' dir='ltr'>an</span> <span class='ocrx_word' id='word_1_57' title='bbox 610 1354 700 1425; x_wconf 88' lang='lat' dir='ltr'>mari</span> <span class='ocrx_word' id='word_1_58' title='bbox 715 1349 877 1437; x_wconf 82' lang='lat' dir='ltr'>defluxo,</span> <span class='ocrx_word' id='word_1_59' title='bbox 897 1348 1010 1446; x_wconf 81' lang='lat' dir='ltr'>ponet</span> <span class='ocrx_word' id='word_1_60' title='bbox 1026 1357 1143 1448; x_wconf 85' lang='lat' dir='ltr'>aliquo</span> <span class='ocrx_word' id='word_1_61' title='bbox 1159 1356 1266 1430; x_wconf 91' lang='lat' dir='ltr'>modo</span> <span class='ocrx_word' id='word_1_62' title='bbox 1283 1355 1438 1453; x_wconf 87' lang='lat' dir='ltr'>superari</span> 
     </span>
     <span class='ocr_line' id='line_1_9' title="bbox 242 1446 1438 1546; baseline 0.003 -23"><span class='ocrx_word' id='word_1_63' title='bbox 242 1450 375 1523; x_wconf 78' lang='lat' dir='ltr'>tration</span> <span class='ocrx_word' id='word_1_64' title='bbox 392 1452 452 1525; x_wconf 90' lang='lat' dir='ltr'>ille</span> <span class='ocrx_word' id='word_1_65' title='bbox 471 1450 564 1545; x_wconf 91' lang='lat' dir='ltr'>rupti</span> <span class='ocrx_word' id='word_1_66' title='bbox 587 1452 742 1545; x_wconf 84' lang='lat' dir='ltr'><strong>aggeris,</strong></span> <span class='ocrx_word' id='word_1_67' title='bbox 766 1470 807 1523; x_wconf 86' lang='lat' dir='ltr'>ac</span> <span class='ocrx_word' id='word_1_68' title='bbox 823 1449 952 1521; x_wconf 76' lang='lat' dir='ltr'>ditium</span> <span class='ocrx_word' id='word_1_69' title='bbox 979 1446 1155 1522; x_wconf 85' lang='lat' dir='ltr'>castellum</span> <span class='ocrx_word' id='word_1_70' title='bbox 1174 1453 1314 1525; x_wconf 88' lang='lat' dir='ltr'>invadi:</span> <span class='ocrx_word' id='word_1_71' title='bbox 1340 1449 1438 1546; x_wconf 61' lang='grc' dir='ltr'>(ἕξ)</span> 
     </span>
     <span class='ocr_line' id='line_1_10' title="bbox 238 1542 1510 1639; baseline 0.002 -20"><span class='ocrx_word' id='word_1_72' title='bbox 238 1548 372 1619; x_wconf 88' lang='lat' dir='ltr'>certior</span> <span class='ocrx_word' id='word_1_73' title='bbox 394 1542 504 1619; x_wconf 70' lang='lat' dir='ltr'>fedius</span> <span class='ocrx_word' id='word_1_74' title='bbox 528 1544 603 1619; x_wconf 90' lang='lat' dir='ltr'>fieti</span> <span class='ocrx_word' id='word_1_75' title='bbox 623 1544 752 1639; x_wconf 75' lang='lat' dir='ltr'>posse,</span> <span class='ocrx_word' id='word_1_76' title='bbox 779 1542 885 1617; x_wconf 73' lang='lat' dir='ltr'>nodie</span> <span class='ocrx_word' id='word_1_77' title='bbox 909 1545 1060 1639; x_wconf 89' lang='lat' dir='ltr'>quadarn</span> <span class='ocrx_word' id='word_1_78' title='bbox 1082 1546 1214 1619; x_wconf 80' lang='lat' dir='ltr'>Petrum</span> <span class='ocrx_word' id='word_1_79' title='bbox 1243 1548 1437 1621; x_wconf 72' lang='lat' dir='ltr'>Mannum</span> <span class='ocrx_word' id='word_1_80' title='bbox 1496 1561 1510 1590; x_wconf 55' lang='lat'><em>³</em></span> 
     </span>
     <span class='ocr_line' id='line_1_11' title="bbox 238 1638 1438 1736; baseline 0.005 -23"><span class='ocrx_word' id='word_1_81' title='bbox 238 1638 449 1715; x_wconf 75' lang='lat' dir='ltr'>Praesedium</span> <span class='ocrx_word' id='word_1_82' title='bbox 466 1638 663 1736; x_wconf 85' lang='lat' dir='ltr'>Hispanum</span> <span class='ocrx_word' id='word_1_83' title='bbox 682 1664 762 1715; x_wconf 90' lang='lat' dir='ltr'>cum</span> <span class='ocrx_word' id='word_1_84' title='bbox 779 1639 849 1713; x_wconf 78' lang='lat' dir='ltr'>suae</span> <span class='ocrx_word' id='word_1_85' title='bbox 868 1643 1030 1715; x_wconf 73' lang='lat' dir='ltr'>cohortis</span> <span class='ocrx_word' id='word_1_86' title='bbox 1051 1642 1222 1717; x_wconf 87' lang='lat' dir='ltr'>militibus</span> <span class='ocrx_word' id='word_1_87' title='bbox 1246 1645 1284 1715; x_wconf 91' lang='lat' dir='ltr'>id</span> <span class='ocrx_word' id='word_1_88' title='bbox 1304 1664 1438 1719; x_wconf 86' lang='lat' dir='ltr'>tentare</span> 
     </span>
     <span class='ocr_line' id='line_1_12' title="bbox 234 1734 1528 1846; baseline -0.002 -35"><span class='ocrx_word' id='word_1_89' title='bbox 234 1736 348 1835; x_wconf 85' lang='lat' dir='ltr'>juffit,</span> <span class='ocrx_word' id='word_1_90' title='bbox 374 1739 436 1833; x_wconf 92' lang='lat' dir='ltr'>qui</span> <span class='ocrx_word' id='word_1_91' title='bbox 453 1759 523 1809; x_wconf 89' lang='lat' dir='ltr'>tam</span> <span class='ocrx_word' id='word_1_92' title='bbox 541 1735 678 1811; x_wconf 83' lang='lat' dir='ltr'>strennd</span> <span class='ocrx_word' id='word_1_93' title='bbox 696 1737 735 1810; x_wconf 90' lang='lat' dir='ltr'>id</span> <span class='ocrx_word' id='word_1_94' title='bbox 753 1734 925 1846; x_wconf 76' lang='lat' dir='ltr'>aggreiius</span> <span class='ocrx_word' id='word_1_95' title='bbox 943 1738 1016 1825; x_wconf 86' lang='lat' dir='ltr'>est,</span> <span class='ocrx_word' id='word_1_96' title='bbox 1042 1758 1080 1811; x_wconf 92' lang='lat' dir='ltr'>ut</span> <span class='ocrx_word' id='word_1_97' title='bbox 1096 1737 1218 1826; x_wconf 84' lang='lat' dir='ltr'>caesis,</span> <span class='ocrx_word' id='word_1_98' title='bbox 1243 1762 1289 1813; x_wconf 90' lang='lat' dir='ltr'>ac</span> <span class='ocrx_word' id='word_1_99' title='bbox 1307 1736 1436 1841; x_wconf 80' lang='lat' dir='ltr'>sugatis</span> <span class='ocrx_word' id='word_1_100' title='bbox 1523 1797 1528 1809; x_wconf 89' lang='lat'><strong><em>.</em></strong></span> 
     </span>
     <span class='ocr_line' id='line_1_13' title="bbox 237 1831 1435 1933; baseline 0.002 -26"><span class='ocrx_word' id='word_1_101' title='bbox 237 1832 457 1933; x_wconf 84' lang='lat' dir='ltr'>praesidiariis</span> <span class='ocrx_word' id='word_1_102' title='bbox 484 1831 660 1907; x_wconf 84' lang='lat' dir='ltr'>castellum</span> <span class='ocrx_word' id='word_1_103' title='bbox 685 1853 840 1930; x_wconf 87' lang='lat' dir='ltr'>caeperrt.</span> <span class='ocrx_word' id='word_1_104' title='bbox 889 1831 940 1907; x_wconf 84' lang='lat' dir='ltr'>Et</span> <span class='ocrx_word' id='word_1_105' title='bbox 964 1856 1045 1906; x_wconf 94' lang='lat' dir='ltr'>cum</span> <span class='ocrx_word' id='word_1_106' title='bbox 1077 1838 1190 1909; x_wconf 89' lang='lat' dir='ltr'>certo</span> <span class='ocrx_word' id='word_1_107' title='bbox 1197 1836 1435 1931; x_wconf 89' lang='lat' dir='ltr'>judicaretur,</span> 
     </span>
     <span class='ocr_line' id='line_1_14' title="bbox 237 1926 1436 2025; baseline -0.002 -20"><span class='ocrx_word' id='word_1_108' title='bbox 237 1953 320 2005; x_wconf 90' lang='lat' dir='ltr'>curn</span> <span class='ocrx_word' id='word_1_109' title='bbox 338 1930 374 2002; x_wconf 90' lang='lat' dir='ltr'>in</span> <span class='ocrx_word' id='word_1_110' title='bbox 393 1930 536 2004; x_wconf 89' lang='lat' dir='ltr'>ciuitate</span> <span class='ocrx_word' id='word_1_111' title='bbox 551 1926 782 2006; x_wconf 82' lang='lat' dir='ltr'>innotesceret</span> <span class='ocrx_word' id='word_1_112' title='bbox 803 1950 1016 2024; x_wconf 86' lang='lat' dir='ltr'>occupatum</span> <span class='ocrx_word' id='word_1_113' title='bbox 1042 1927 1109 2002; x_wconf 76' lang='lat' dir='ltr'>eise</span> <span class='ocrx_word' id='word_1_114' title='bbox 1134 1934 1220 2005; x_wconf 89' lang='lat' dir='ltr'>illud</span> <span class='ocrx_word' id='word_1_115' title='bbox 1236 1928 1436 2025; x_wconf 83' lang='lat' dir='ltr'>castelium,</span> 
     </span>
     <span class='ocr_line' id='line_1_15' title="bbox 238 2024 1528 2124; baseline 0.002 -23"><span class='ocrx_word' id='word_1_116' title='bbox 238 2030 259 2101; x_wconf 81' lang='grc' dir='ltr'>έ</span> <span class='ocrx_word' id='word_1_117' title='bbox 276 2024 422 2122; x_wconf 83' lang='lat' dir='ltr'>vestigio</span> <span class='ocrx_word' id='word_1_118' title='bbox 438 2024 642 2115; x_wconf 86' lang='lat' dir='ltr'>adfuturos,</span> <span class='ocrx_word' id='word_1_119' title='bbox 667 2028 730 2121; x_wconf 89' lang='lat' dir='ltr'>qui</span> <span class='ocrx_word' id='word_1_120' title='bbox 744 2028 829 2100; x_wconf 93' lang='lat' dir='ltr'>illud</span> <span class='ocrx_word' id='word_1_121' title='bbox 845 2027 881 2101; x_wconf 93' lang='lat' dir='ltr'>vi</span> <span class='ocrx_word' id='word_1_122' title='bbox 897 2047 1103 2122; x_wconf 82' lang='lat' dir='ltr'>recuperare</span> <span class='ocrx_word' id='word_1_123' title='bbox 1119 2045 1294 2103; x_wconf 90' lang='lat' dir='ltr'>tentarent</span> <span class='ocrx_word' id='word_1_124' title='bbox 1316 2080 1329 2115; x_wconf 89' lang='lat'><strong>,</strong></span> <span class='ocrx_word' id='word_1_125' title='bbox 1353 2050 1437 2124; x_wconf 86' lang='lat' dir='ltr'>pro·</span> <span class='ocrx_word' id='word_1_126' title='bbox 1523 2032 1528 2046; x_wconf 82' lang='grc'><em>“</em></span> 
     </span>
     <span class='ocr_line' id='line_1_16' title="bbox 237 2118 1586 2219; baseline 0.001 -22"><span class='ocrx_word' id='word_1_127' title='bbox 237 2120 331 2197; x_wconf 89' lang='lat' dir='ltr'>vidit</span> <span class='ocrx_word' id='word_1_128' title='bbox 347 2123 397 2197; x_wconf 92' lang='lat' dir='ltr'>ita</span> <span class='ocrx_word' id='word_1_129' title='bbox 424 2122 632 2219; x_wconf 86' lang='lat' dir='ltr'>tempestive</span> <span class='ocrx_word' id='word_1_130' title='bbox 652 2118 850 2215; x_wconf 73' lang='lat' dir='ltr'>Permiſsa,</span> <span class='ocrx_word' id='word_1_131' title='bbox 874 2121 972 2213; x_wconf 87' lang='lat' dir='ltr'>miffis</span> <span class='ocrx_word' id='word_1_132' title='bbox 1007 2145 1054 2195; x_wconf 91' lang='lat' dir='ltr'>eo</span> <span class='ocrx_word' id='word_1_133' title='bbox 1076 2123 1343 2219; x_wconf 80' lang='lat' dir='ltr'>quadringentis</span> <span class='ocrx_word' id='word_1_134' title='bbox 1367 2124 1437 2199; x_wconf 88' lang='lat' dir='ltr'>Hi·</span> <span class='ocrx_word' id='word_1_135' title='bbox 1583 2185 1586 2191; x_wconf 90' lang='lat'><em>.</em></span> 
     </span>
     <span class='ocr_line' id='line_1_17' title="bbox 236 2216 1564 2315; baseline 0.005 -24"><span class='ocrx_word' id='word_1_136' title='bbox 236 2216 373 2315; x_wconf 87' lang='lat' dir='ltr'>spanis,</span> <span class='ocrx_word' id='word_1_137' title='bbox 395 2241 433 2294; x_wconf 90' lang='lat' dir='ltr'>ut</span> <span class='ocrx_word' id='word_1_138' title='bbox 451 2242 530 2293; x_wconf 88' lang='lat' dir='ltr'>curn</span> <span class='ocrx_word' id='word_1_139' title='bbox 546 2216 731 2306; x_wconf 75' lang='lat' dir='ltr'>venissent,</span> <span class='ocrx_word' id='word_1_140' title='bbox 761 2218 798 2293; x_wconf 76' lang='grc' dir='ltr'>δι</span> <span class='ocrx_word' id='word_1_141' title='bbox 815 2219 913 2315; x_wconf 92' lang='lat' dir='ltr'>quod</span> <span class='ocrx_word' id='word_1_142' title='bbox 932 2216 1177 2293; x_wconf 87' lang='lat' dir='ltr'>constituerant</span> <span class='ocrx_word' id='word_1_143' title='bbox 1202 2222 1338 2297; x_wconf 73' lang='lat' dir='ltr'>strenue</span> <span class='ocrx_word' id='word_1_144' title='bbox 1363 2242 1438 2297; x_wconf 92' lang='lat' dir='ltr'>ten·</span> <span class='ocrx_word' id='word_1_145' title='bbox 1558 2277 1564 2282; x_wconf 88' lang='lat'><em>-</em></span> 
     </span>
     <span class='ocr_line' id='line_1_18' title="bbox 234 2312 1437 2401; baseline 0.001 -10"><span class='ocrx_word' id='word_1_146' title='bbox 234 2314 385 2401; x_wconf 83' lang='lat' dir='ltr'>taisent,</span> <span class='ocrx_word' id='word_1_147' title='bbox 409 2339 446 2389; x_wconf 86' lang='lat' dir='ltr'>re</span> <span class='ocrx_word' id='word_1_148' title='bbox 461 2312 591 2387; x_wconf 71' lang='lat' dir='ltr'>infesti</span> <span class='ocrx_word' id='word_1_149' title='bbox 607 2338 643 2387; x_wconf 88' lang='lat' dir='ltr'>re</span> <span class='ocrx_word' id='word_1_150' title='bbox 670 2318 745 2388; x_wconf 89' lang='lat' dir='ltr'>redi</span> <span class='ocrx_word' id='word_1_151' title='bbox 769 2314 898 2387; x_wconf 90' lang='lat' dir='ltr'>fuerint</span> <span class='ocrx_word' id='word_1_152' title='bbox 919 2313 1044 2388; x_wconf 77' lang='lat' dir='ltr'>coatii.</span> <span class='ocrx_word' id='word_1_153' title='bbox 1095 2314 1239 2393; x_wconf 86' lang='lat' dir='ltr'>Postero</span> <span class='ocrx_word' id='word_1_154' title='bbox 1264 2341 1352 2393; x_wconf 85' lang='lat' dir='ltr'>uero</span> <span class='ocrx_word' id='word_1_155' title='bbox 1379 2319 1437 2393; x_wconf 85' lang='lat' dir='ltr'>dit·</span> 
     </span>
     <span class='ocr_line' id='line_1_19' title="bbox 236 2338 1436 2509; baseline -0.003 -18"><span class='ocrx_word' id='word_1_156' title='bbox 236 2410 417 2491; x_wconf 82' lang='lat' dir='ltr'>securitati</span> <span class='ocrx_word' id='word_1_157' title='bbox 432 2414 524 2483; x_wconf 85' lang='lat' dir='ltr'>illins</span> <span class='ocrx_word' id='word_1_158' title='bbox 549 2411 621 2483; x_wconf 90' lang='lat' dir='ltr'>loci</span> <span class='ocrx_word' id='word_1_159' title='bbox 637 2338 685 2483; x_wconf 59' lang='lat' dir='ltr'>tic</span> <span class='ocrx_word' id='word_1_160' title='bbox 703 2409 755 2481; x_wconf 91' lang='lat' dir='ltr'>est</span> <span class='ocrx_word' id='word_1_161' title='bbox 771 2408 971 2504; x_wconf 88' lang='lat' dir='ltr'>provisum,</span> <span class='ocrx_word' id='word_1_162' title='bbox 997 2429 1037 2483; x_wconf 91' lang='lat' dir='ltr'>ut</span> <span class='ocrx_word' id='word_1_163' title='bbox 1060 2408 1227 2505; x_wconf 82' lang='lat' dir='ltr'>deinceps</span> <span class='ocrx_word' id='word_1_164' title='bbox 1259 2414 1333 2507; x_wconf 84' lang='lat' dir='ltr'>ejus</span> <span class='ocrx_word' id='word_1_165' title='bbox 1357 2436 1436 2509; x_wconf 88' lang='lat' dir='ltr'>per·</span> 
     </span>
     <span class='ocr_line' id='line_1_20' title="bbox 238 2502 1436 2600; baseline 0.001 -18"><span class='ocrx_word' id='word_1_166' title='bbox 238 2508 348 2583; x_wconf 91' lang='lat' dir='ltr'>deodi</span> <span class='ocrx_word' id='word_1_167' title='bbox 366 2508 479 2581; x_wconf 84' lang='lat' dir='ltr'>omnis</span> <span class='ocrx_word' id='word_1_168' title='bbox 501 2509 619 2580; x_wconf 67' lang='lat' dir='ltr'>metus&#39;</span> <span class='ocrx_word' id='word_1_169' title='bbox 640 2502 745 2579; x_wconf 87' lang='lat' dir='ltr'>fuerit</span> <span class='ocrx_word' id='word_1_170' title='bbox 769 2506 970 2600; x_wconf 86' lang='lat' dir='ltr'>ademptus,</span> <span class='ocrx_word' id='word_1_171' title='bbox 996 2528 1039 2578; x_wconf 90' lang='lat' dir='ltr'>ac</span> <span class='ocrx_word' id='word_1_172' title='bbox 1062 2507 1190 2581; x_wconf 81' lang='lat' dir='ltr'>exinde</span> <span class='ocrx_word' id='word_1_173' title='bbox 1218 2510 1314 2583; x_wconf 79' lang='lat' dir='ltr'>nulld</span> <span class='ocrx_word' id='word_1_174' title='bbox 1330 2512 1436 2583; x_wconf 88' lang='lat' dir='ltr'>inter·</span> 
     </span>
     <span class='ocr_line' id='line_1_21' title="bbox 238 2601 1436 2697; baseline 0.003 -20"><span class='ocrx_word' id='word_1_175' title='bbox 238 2602 353 2697; x_wconf 74' lang='lat' dir='ltr'>politti</span> <span class='ocrx_word' id='word_1_176' title='bbox 367 2602 466 2677; x_wconf 76' lang='lat' dir='ltr'>mord</span> <span class='ocrx_word' id='word_1_177' title='bbox 486 2602 532 2675; x_wconf 91' lang='lat' dir='ltr'>ad</span> <span class='ocrx_word' id='word_1_178' title='bbox 548 2601 653 2697; x_wconf 83' lang='lat' dir='ltr'>ipsius</span> <span class='ocrx_word' id='word_1_179' title='bbox 669 2602 820 2676; x_wconf 83' lang='lat' dir='ltr'>ciuitatis</span> <span class='ocrx_word' id='word_1_180' title='bbox 839 2604 1137 2695; x_wconf 85' lang='lat' dir='ltr'>expugnationem</span> <span class='ocrx_word' id='word_1_181' title='bbox 1147 2605 1328 2697; x_wconf 74' lang='lat' dir='ltr'>Parmenfis</span> <span class='ocrx_word' id='word_1_182' title='bbox 1346 2603 1436 2693; x_wconf 84' lang='lat' dir='ltr'>serio</span> 
     </span>
     <span class='ocr_line' id='line_1_22' title="bbox 238 2696 1436 2793; baseline 0.002 -20"><span class='ocrx_word' id='word_1_183' title='bbox 238 2698 276 2773; x_wconf 91' lang='lat' dir='ltr'>se</span> <span class='ocrx_word' id='word_1_184' title='bbox 296 2698 456 2773; x_wconf 83' lang='lat' dir='ltr'>accinxit.</span> <span class='ocrx_word' id='word_1_185' title='bbox 508 2698 670 2793; x_wconf 83' lang='lat' dir='ltr'>Consttui</span> <span class='ocrx_word' id='word_1_186' title='bbox 696 2716 836 2773; x_wconf 85' lang='lat' dir='ltr'>curarat</span> <span class='ocrx_word' id='word_1_187' title='bbox 860 2696 921 2771; x_wconf 90' lang='lat' dir='ltr'>diu</span> <span class='ocrx_word' id='word_1_188' title='bbox 950 2716 1053 2781; x_wconf 87' lang='lat' dir='ltr'>ante,</span> <span class='ocrx_word' id='word_1_189' title='bbox 1080 2698 1198 2792; x_wconf 84' lang='lat' dir='ltr'>Brugt&#39;s</span> <span class='ocrx_word' id='word_1_190' title='bbox 1216 2698 1262 2775; x_wconf 86' lang='lat' dir='ltr'>ad</span> <span class='ocrx_word' id='word_1_191' title='bbox 1279 2702 1436 2775; x_wconf 82' lang='lat' dir='ltr'>latitudi-</span> 
     </span>
     <span class='ocr_line' id='line_1_23' title="bbox 239 2789 1436 2893; baseline 0.004 -26"><span class='ocrx_word' id='word_1_192' title='bbox 239 2816 322 2868; x_wconf 91' lang='lat' dir='ltr'>nem</span> <span class='ocrx_word' id='word_1_193' title='bbox 337 2792 488 2868; x_wconf 87' lang='lat' dir='ltr'>fluminis</span> <span class='ocrx_word' id='word_1_194' title='bbox 504 2790 652 2891; x_wconf 81' lang='lat' dir='ltr'>ejusdem</span> <span class='ocrx_word' id='word_1_195' title='bbox 672 2796 803 2891; x_wconf 86' lang='lat' dir='ltr'>partis,</span> <span class='ocrx_word' id='word_1_196' title='bbox 823 2815 957 2890; x_wconf 90' lang='lat' dir='ltr'>ponten</span> <span class='ocrx_word' id='word_1_197' title='bbox 972 2789 1076 2889; x_wconf 81' lang='lat' dir='ltr'>super</span> <span class='ocrx_word' id='word_1_198' title='bbox 1094 2796 1202 2868; x_wconf 88' lang='lat' dir='ltr'>multa</span> <span class='ocrx_word' id='word_1_199' title='bbox 1216 2798 1436 2893; x_wconf 83' lang='lat' dir='ltr'>navigiaval-</span> 
     </span>
     <span class='ocr_line' id='line_1_24' title="bbox 166 2889 1500 2989; baseline 0.007 -26"><span class='ocrx_word' id='word_1_200' title='bbox 166 2948 174 2953; x_wconf 86' lang='lat'>.</span> <span class='ocrx_word' id='word_1_201' title='bbox 199 2918 209 2935; x_wconf 48' lang='lat'><strong>⁸</strong></span> <span class='ocrx_word' id='word_1_202' title='bbox 241 2889 287 2965; x_wconf 90' lang='lat' dir='ltr'>de</span> <span class='ocrx_word' id='word_1_203' title='bbox 312 2890 502 2987; x_wconf 75' lang='lat' dir='ltr'>industrie,</span> <span class='ocrx_word' id='word_1_204' title='bbox 526 2914 568 2965; x_wconf 90' lang='lat' dir='ltr'>ac</span> <span class='ocrx_word' id='word_1_205' title='bbox 592 2889 787 2966; x_wconf 75' lang='lat' dir='ltr'>artificiose.</span> <span class='ocrx_word' id='word_1_206' title='bbox 837 2890 924 2965; x_wconf 81' lang='lat' dir='ltr'>Erat</span> <span class='ocrx_word' id='word_1_207' title='bbox 938 2889 975 2961; x_wconf 92' lang='lat' dir='ltr'>in</span> <span class='ocrx_word' id='word_1_208' title='bbox 992 2891 1111 2964; x_wconf 91' lang='lat' dir='ltr'>medio</span> <span class='ocrx_word' id='word_1_209' title='bbox 1135 2892 1355 2989; x_wconf 83' lang='lat' dir='ltr'>navigiorum</span> <span class='ocrx_word' id='word_1_210' title='bbox 1377 2897 1438 2972; x_wconf 87' lang='lat' dir='ltr'>via</span> <span class='ocrx_word' id='word_1_211' title='bbox 1481 2962 1500 2971; x_wconf 66' lang='grc'>,</span> 
     </span>
     <span class='ocr_line' id='line_1_25' title="bbox 240 2987 1435 3088; baseline 0.003 -29"><span class='ocrx_word' id='word_1_212' title='bbox 240 2988 442 3063; x_wconf 91' lang='lat' dir='ltr'>duodenum</span> <span class='ocrx_word' id='word_1_213' title='bbox 458 2987 612 3082; x_wconf 91' lang='lat' dir='ltr'>pedum,</span> <span class='ocrx_word' id='word_1_214' title='bbox 626 2988 665 3063; x_wconf 83' lang='lat' dir='ltr'>dt</span> <span class='ocrx_word' id='word_1_215' title='bbox 684 2988 728 3059; x_wconf 86' lang='lat' dir='ltr'>ad</span> <span class='ocrx_word' id='word_1_216' title='bbox 746 3008 930 3083; x_wconf 89' lang='lat' dir='ltr'>utrumque</span> <span class='ocrx_word' id='word_1_217' title='bbox 980 2988 1075 3061; x_wconf 82' lang='lat' dir='ltr'>ontis</span> <span class='ocrx_word' id='word_1_218' title='bbox 1095 2988 1186 3062; x_wconf 80' lang='lat' dir='ltr'>latus</span> <span class='ocrx_word' id='word_1_219' title='bbox 1217 3012 1338 3065; x_wconf 79' lang='lat' dir='ltr'>murus</span> <span class='ocrx_word' id='word_1_220' title='bbox 1368 2993 1435 3088; x_wconf 86' lang='lat' dir='ltr'>lig·</span> 
     </span>
     <span class='ocr_line' id='line_1_26' title="bbox 238 3080 1611 3191; baseline -0.001 -35"><span class='ocrx_word' id='word_1_221' title='bbox 238 3105 357 3174; x_wconf 87' lang='lat' dir='ltr'>neus,</span> <span class='ocrx_word' id='word_1_222' title='bbox 389 3085 508 3181; x_wconf 87' lang='lat' dir='ltr'>pontis</span> <span class='ocrx_word' id='word_1_223' title='bbox 537 3082 769 3179; x_wconf 81' lang='lat' dir='ltr'>longitudinis</span> <span class='ocrx_word' id='word_1_224' title='bbox 797 3082 848 3169; x_wconf 79' lang='lat'>*,</span> <span class='ocrx_word' id='word_1_225' title='bbox 882 3085 937 3180; x_wconf 88' lang='lat' dir='ltr'>eju</span> <span class='ocrx_word' id='word_1_226' title='bbox 955 3106 1025 3181; x_wconf 90' lang='lat' dir='ltr'>que</span> <span class='ocrx_word' id='word_1_227' title='bbox 1052 3080 1206 3174; x_wconf 83' lang='lat' dir='ltr'>formae,</span> <span class='ocrx_word' id='word_1_228' title='bbox 1231 3086 1304 3182; x_wconf 75' lang='lat' dir='ltr'>qud</span> <span class='ocrx_word' id='word_1_229' title='bbox 1330 3105 1434 3163; x_wconf 84' lang='lat' dir='ltr'>antea</span> <span class='ocrx_word' id='word_1_230' title='bbox 1465 3112 1537 3171; x_wconf 75' lang='lat' dir='ltr'>*Ia</span> <span class='ocrx_word' id='word_1_231' title='bbox 1556 3110 1611 3191; x_wconf 50' lang='grc' dir='ltr'>ιβ,</span> 
     </span>
     <span class='ocr_line' id='line_1_27' title="bbox 238 3176 1585 3277; baseline 0.007 -22"><span class='ocrx_word' id='word_1_232' title='bbox 238 3180 315 3255; x_wconf 77' lang='lat' dir='ltr'>dun</span> <span class='ocrx_word' id='word_1_233' title='bbox 333 3182 488 3255; x_wconf 34' lang='lat' dir='ltr'>trintbios*</span> <span class='ocrx_word' id='word_1_234' title='bbox 507 3176 633 3271; x_wconf 76' lang='lat' dir='ltr'>fuisse,</span> <span class='ocrx_word' id='word_1_235' title='bbox 663 3182 746 3255; x_wconf 91' lang='lat' dir='ltr'>dum</span> <span class='ocrx_word' id='word_1_236' title='bbox 775 3176 951 3253; x_wconf 89' lang='lat' dir='ltr'>castellum</span> <span class='ocrx_word' id='word_1_237' title='bbox 975 3201 1118 3277; x_wconf 90' lang='lat' dir='ltr'>captum</span> <span class='ocrx_word' id='word_1_238' title='bbox 1144 3180 1266 3257; x_wconf 84' lang='lat' dir='ltr'>versut</span> <span class='ocrx_word' id='word_1_239' title='bbox 1297 3184 1429 3272; x_wconf 86' lang='lat' dir='ltr'>iretur,</span> <span class='ocrx_word' id='word_1_240' title='bbox 1464 3191 1585 3265; x_wconf 74' lang='lat' dir='ltr'>longus,</span> 
     </span>
     <span class='ocr_line' id='line_1_28' title="bbox 237 3272 1605 3373; baseline 0.004 -24"><span class='ocrx_word' id='word_1_241' title='bbox 237 3274 398 3372; x_wconf 88' lang='lat' dir='ltr'>superata</span> <span class='ocrx_word' id='word_1_242' title='bbox 416 3297 502 3351; x_wconf 92' lang='lat' dir='ltr'>tunc</span> <span class='ocrx_word' id='word_1_243' title='bbox 528 3274 595 3351; x_wconf 85' lang='lat' dir='ltr'>fuit</span> <span class='ocrx_word' id='word_1_244' title='bbox 621 3278 680 3351; x_wconf 86' lang='lat' dir='ltr'>uia</span> <span class='ocrx_word' id='word_1_245' title='bbox 703 3278 871 3372; x_wconf 86' lang='lat' dir='ltr'>aquatica.</span> <span class='ocrx_word' id='word_1_246' title='bbox 895 3272 1027 3351; x_wconf 88' lang='lat' dir='ltr'>Nautae</span> <span class='ocrx_word' id='word_1_247' title='bbox 1054 3278 1147 3353; x_wconf 91' lang='lat' dir='ltr'>hunc</span> <span class='ocrx_word' id='word_1_248' title='bbox 1164 3297 1311 3373; x_wconf 89' lang='lat' dir='ltr'>pontem</span> <span class='ocrx_word' id='word_1_249' title='bbox 1326 3276 1431 3354; x_wconf 67' lang='lat' dir='ltr'>nodie</span> <span class='ocrx_word' id='word_1_250' title='bbox 1464 3284 1605 3341; x_wconf 59' lang='lat' dir='ltr'>‘imm</span> 
     </span>
     <span class='ocr_line' id='line_1_29' title="bbox 238 3362 1615 3485; baseline 0.004 -41"><span class='ocrx_word' id='word_1_251' title='bbox 238 3368 385 3467; x_wconf 83' lang='lat' dir='ltr'>quadani</span> <span class='ocrx_word' id='word_1_252' title='bbox 412 3370 541 3449; x_wconf 82' lang='lat' dir='ltr'>etiarnsi</span> <span class='ocrx_word' id='word_1_253' title='bbox 570 3376 660 3448; x_wconf 91' lang='lat' dir='ltr'>intra</span> <span class='ocrx_word' id='word_1_254' title='bbox 691 3372 840 3469; x_wconf 89' lang='lat' dir='ltr'>sclopeti</span> <span class='ocrx_word' id='word_1_255' title='bbox 874 3370 982 3445; x_wconf 72' lang='lat' dir='ltr'>icium</span> <span class='ocrx_word' id='word_1_256' title='bbox 1015 3369 1152 3461; x_wconf 81' lang='lat' dir='ltr'>ess&#39;ent,</span> <span class='ocrx_word' id='word_1_257' title='bbox 1181 3371 1354 3470; x_wconf 86' lang='lat' dir='ltr'>hostisque</span> <span class='ocrx_word' id='word_1_258' title='bbox 1383 3374 1429 3451; x_wconf 90' lang='lat' dir='ltr'>ad</span> <span class='ocrx_word' id='word_1_259' title='bbox 1460 3362 1540 3482; x_wconf 47' lang='lat'>{22²¹</span> <span class='ocrx_word' id='word_1_260' title='bbox 1556 3424 1615 3485; x_wconf 78' lang='lat' dir='ltr'>Ni·</span> 
     </span>
     <span class='ocr_line' id='line_1_30' title="bbox 125 3440 1590 3638; baseline 0.005 -103"><span class='ocrx_word' id='word_1_261' title='bbox 125 3528 127 3535; x_wconf 83' lang='lat'><em>.</em></span> <span class='ocrx_word' id='word_1_262' title='bbox 238 3468 522 3561; x_wconf 86' lang='lat' dir='ltr'>impediendum,</span> <span class='ocrx_word' id='word_1_263' title='bbox 539 3493 584 3543; x_wconf 88' lang='lat' dir='ltr'>ne</span> <span class='ocrx_word' id='word_1_264' title='bbox 594 3466 851 3638; x_wconf 67' lang='lat' dir='ltr'>lperficeretur,</span> <span class='ocrx_word' id='word_1_265' title='bbox 872 3491 1011 3542; x_wconf 85' lang='lat' dir='ltr'>onmem</span> <span class='ocrx_word' id='word_1_266' title='bbox 1032 3467 1232 3559; x_wconf 81' lang='lat' dir='ltr'>adhiberet,</span> <span class='ocrx_word' id='word_1_267' title='bbox 1254 3492 1428 3567; x_wconf 87' lang='lat' dir='ltr'>operam,</span> <span class='ocrx_word' id='word_1_268' title='bbox 1462 3440 1501 3565; x_wconf 69' lang='lat' dir='ltr'>ait</span> <span class='ocrx_word' id='word_1_269' title='bbox 1517 3466 1590 3561; x_wconf 62' lang='lat' dir='ltr'>ente</span> 
     </span>
    </p>

    <p class='ocr_par' dir='ltr' id='par_1_5' title="bbox 236 3563 1571 4528">
     <span class='ocr_line' id='line_1_31' title="bbox 239 3563 592 3663; baseline 0.006 -26"><span class='ocrx_word' id='word_1_270' title='bbox 239 3563 392 3639; x_wconf 72' lang='lat' dir='ltr'>animose</span> <span class='ocrx_word' id='word_1_271' title='bbox 408 3582 523 3639; x_wconf 90' lang='lat' dir='ltr'>tamen</span> <span class='ocrx_word' id='word_1_272' title='bbox 542 3588 592 3663; x_wconf 93' lang='lat' dir='ltr'>po</span> 
     </span>
     <span class='ocr_line' id='line_1_32' title="bbox 238 3656 1571 3759; baseline 0.002 -26"><span class='ocrx_word' id='word_1_273' title='bbox 238 3662 301 3755; x_wconf 92' lang='lat' dir='ltr'>qui</span> <span class='ocrx_word' id='word_1_274' title='bbox 314 3660 365 3735; x_wconf 89' lang='lat' dir='ltr'>ibi</span> <span class='ocrx_word' id='word_1_275' title='bbox 379 3662 548 3757; x_wconf 85' lang='lat' dir='ltr'>agebant,</span> <span class='ocrx_word' id='word_1_276' title='bbox 568 3665 713 3759; x_wconf 75' lang='lat' dir='ltr'>patebat</span> <span class='ocrx_word' id='word_1_277' title='bbox 733 3662 860 3737; x_wconf 88' lang='lat' dir='ltr'>aditus.</span> <span class='ocrx_word' id='word_1_278' title='bbox 910 3660 1104 3737; x_wconf 86' lang='lat' dir='ltr'>Decretum</span> <span class='ocrx_word' id='word_1_279' title='bbox 1123 3665 1240 3758; x_wconf 80' lang='lat' dir='ltr'>primo</span> <span class='ocrx_word' id='word_1_280' title='bbox 1265 3665 1357 3737; x_wconf 88' lang='lat' dir='ltr'>muri</span> <span class='ocrx_word' id='word_1_281' title='bbox 1380 3665 1432 3738; x_wconf 89' lang='lat' dir='ltr'>di·</span> <span class='ocrx_word' id='word_1_282' title='bbox 1461 3656 1571 3717; x_wconf 60' lang='lat' dir='ltr'>&#39;mn‘</span> 
     </span>
     <span class='ocr_line' id='line_1_33' title="bbox 237 3736 1552 3854; baseline -0.001 -20"><span class='ocrx_word' id='word_1_283' title='bbox 237 3758 399 3853; x_wconf 90' lang='lat' dir='ltr'>reptione</span> <span class='ocrx_word' id='word_1_284' title='bbox 416 3758 593 3832; x_wconf 89' lang='lat' dir='ltr'>civitatem</span> <span class='ocrx_word' id='word_1_285' title='bbox 619 3754 838 3847; x_wconf 84' lang='lat' dir='ltr'>tentandam,</span> <span class='ocrx_word' id='word_1_286' title='bbox 865 3778 942 3854; x_wconf 86' lang='lat' dir='ltr'>quae</span> <span class='ocrx_word' id='word_1_287' title='bbox 967 3755 1045 3832; x_wconf 88' lang='lat' dir='ltr'>fieri</span> <span class='ocrx_word' id='word_1_288' title='bbox 1067 3776 1203 3854; x_wconf 73' lang='lat' dir='ltr'>crupta,</span> <span class='ocrx_word' id='word_1_289' title='bbox 1223 3759 1266 3835; x_wconf 70' lang='lat' dir='ltr'>eit</span> <span class='ocrx_word' id='word_1_290' title='bbox 1288 3758 1367 3854; x_wconf 72' lang='lat' dir='ltr'>ipsi</span> <span class='ocrx_word' id='word_1_291' title='bbox 1393 3760 1431 3833; x_wconf 90' lang='lat' dir='ltr'>in</span> <span class='ocrx_word' id='word_1_292' title='bbox 1461 3736 1552 3797; x_wconf 50' lang='grc' dir='ltr'>Μ’·</span> 
     </span>
     <span class='ocr_line' id='line_1_34' title="bbox 236 3854 1432 3952; baseline 0.003 -25"><span class='ocrx_word' id='word_1_293' title='bbox 236 3875 338 3952; x_wconf 88' lang='lat' dir='ltr'>parte</span> <span class='ocrx_word' id='word_1_294' title='bbox 358 3854 403 3930; x_wconf 91' lang='lat' dir='ltr'>ad</span> <span class='ocrx_word' id='word_1_295' title='bbox 421 3857 545 3930; x_wconf 82' lang='lat' dir='ltr'>laevam</span> <span class='ocrx_word' id='word_1_296' title='bbox 563 3872 698 3950; x_wconf 76' lang='lat' dir='ltr'>portae,</span> <span class='ocrx_word' id='word_1_297' title='bbox 724 3879 804 3951; x_wconf 86' lang='lat' dir='ltr'>quae</span> <span class='ocrx_word' id='word_1_298' title='bbox 825 3854 1008 3929; x_wconf 89' lang='lat' dir='ltr'>dicebatur</span> <span class='ocrx_word' id='word_1_299' title='bbox 1025 3856 1060 3930; x_wconf 80' lang='lat'>8.</span> <span class='ocrx_word' id='word_1_300' title='bbox 1082 3856 1211 3942; x_wconf 83' lang='lat' dir='ltr'>Crucis,</span> <span class='ocrx_word' id='word_1_301' title='bbox 1227 3856 1347 3929; x_wconf 83' lang='lat' dir='ltr'>multis</span> <span class='ocrx_word' id='word_1_302' title='bbox 1360 3874 1432 3930; x_wconf 89' lang='lat' dir='ltr'>tor·</span> 
     </span>
     <span class='ocr_line' id='line_1_35' title="bbox 236 3949 1431 4050; baseline 0.002 -25"><span class='ocrx_word' id='word_1_303' title='bbox 236 3950 386 4040; x_wconf 83' lang='lat' dir='ltr'>mentis,</span> <span class='ocrx_word' id='word_1_304' title='bbox 411 3949 630 4049; x_wconf 76' lang='lat' dir='ltr'>maximique</span> <span class='ocrx_word' id='word_1_305' title='bbox 653 3952 847 4035; x_wconf 82' lang='lat' dir='ltr'>violentia,</span> <span class='ocrx_word' id='word_1_306' title='bbox 878 3952 1133 4045; x_wconf 87' lang='lat' dir='ltr'>videbaturque</span> <span class='ocrx_word' id='word_1_307' title='bbox 1156 3952 1272 4050; x_wconf 72' lang='lat' dir='ltr'>prope</span> <span class='ocrx_word' id='word_1_308' title='bbox 1294 3972 1431 4027; x_wconf 88' lang='lat' dir='ltr'>murum</span> 
     </span>
     <span class='ocr_line' id='line_1_36' title="bbox 236 4045 1432 4146; baseline 0.004 -25"><span class='ocrx_word' id='word_1_309' title='bbox 236 4046 312 4141; x_wconf 81' lang='lat' dir='ltr'>solo</span> <span class='ocrx_word' id='word_1_310' title='bbox 338 4050 483 4123; x_wconf 91' lang='lat' dir='ltr'>omnino</span> <span class='ocrx_word' id='word_1_311' title='bbox 506 4045 572 4122; x_wconf 89' lang='lat' dir='ltr'>esse</span> <span class='ocrx_word' id='word_1_312' title='bbox 593 4068 801 4146; x_wconf 87' lang='lat' dir='ltr'>aequatum,</span> <span class='ocrx_word' id='word_1_313' title='bbox 826 4046 885 4124; x_wconf 85' lang='lat' dir='ltr'>sod</span> <span class='ocrx_word' id='word_1_314' title='bbox 910 4046 993 4121; x_wconf 83' lang='lat' dir='ltr'>miffi</span> <span class='ocrx_word' id='word_1_315' title='bbox 1020 4047 1219 4143; x_wconf 81' lang='lat' dir='ltr'>Parogunt&#39;ur</span> <span class='ocrx_word' id='word_1_316' title='bbox 1242 4045 1432 4127; x_wconf 69' lang='lat' dir='ltr'>Praefetius</span> 
     </span>
     <span class='ocr_line' id='line_1_37' title="bbox 236 4140 1434 4245; baseline 0.005 -28"><span class='ocrx_word' id='word_1_317' title='bbox 236 4140 440 4245; x_wconf 83' lang='lat' dir='ltr'>Hispanus,</span> <span class='ocrx_word' id='word_1_318' title='bbox 470 4144 681 4239; x_wconf 80' lang='lat' dir='ltr'>Gonanir‘nns,</span> <span class='ocrx_word' id='word_1_319' title='bbox 698 4146 875 4241; x_wconf 74' lang='lat' dir='ltr'>Gymnias,</span> <span class='ocrx_word' id='word_1_320' title='bbox 898 4145 1026 4238; x_wconf 89' lang='lat' dir='ltr'>aliique</span> <span class='ocrx_word' id='word_1_321' title='bbox 1041 4147 1116 4218; x_wconf 89' lang='lat' dir='ltr'>duo</span> <span class='ocrx_word' id='word_1_322' title='bbox 1138 4146 1371 4241; x_wconf 87' lang='lat' dir='ltr'>exploratum,</span> <span class='ocrx_word' id='word_1_323' title='bbox 1385 4171 1434 4223; x_wconf 93' lang='lat' dir='ltr'>an</span> 
     </span>
     <span class='ocr_line' id='line_1_38' title="bbox 238 4239 1434 4339; baseline 0.008 -30"><span class='ocrx_word' id='word_1_324' title='bbox 238 4242 420 4317; x_wconf 89' lang='lat' dir='ltr'>commode</span> <span class='ocrx_word' id='word_1_325' title='bbox 451 4239 529 4317; x_wconf 90' lang='lat' dir='ltr'>fieri</span> <span class='ocrx_word' id='word_1_326' title='bbox 561 4240 675 4339; x_wconf 86' lang='lat' dir='ltr'>poss&#39;et</span> <span class='ocrx_word' id='word_1_327' title='bbox 702 4239 853 4339; x_wconf 90' lang='lat' dir='ltr'>irruptio</span> <span class='ocrx_word' id='word_1_328' title='bbox 879 4268 890 4325; x_wconf 89' lang='lat'>;</span> <span class='ocrx_word' id='word_1_329' title='bbox 921 4241 1042 4316; x_wconf 87' lang='lat' dir='ltr'>retulit</span> <span class='ocrx_word' id='word_1_330' title='bbox 1059 4240 1253 4338; x_wconf 83' lang='lat' dir='ltr'>Porngom&#39;ur</span> <span class='ocrx_word' id='word_1_331' title='bbox 1272 4243 1434 4339; x_wconf 84' lang='lat' dir='ltr'>sclopeto</span> 
     </span>
     <span class='ocr_line' id='line_1_39' title="bbox 239 4329 1440 4528; baseline 0.003 -119"><span class='ocrx_word' id='word_1_332' title='bbox 239 4329 350 4429; x_wconf 65' lang='lat' dir='ltr'>iiius,</span> <span class='ocrx_word' id='word_1_333' title='bbox 365 4362 441 4416; x_wconf 88' lang='lat' dir='ltr'>eam</span> <span class='ocrx_word' id='word_1_334' title='bbox 461 4339 711 4439; x_wconf 87' lang='lat' dir='ltr'>proculdubio</span> <span class='ocrx_word' id='word_1_335' title='bbox 729 4338 940 4510; x_wconf 59' lang='lat' dir='ltr'>mciplitem,</span> <span class='ocrx_word' id='word_1_336' title='bbox 958 4337 1168 4439; x_wconf 85' lang='lat' dir='ltr'>maximique</span> <span class='ocrx_word' id='word_1_337' title='bbox 1179 4341 1329 4443; x_wconf 85' lang='lat' dir='ltr'>periculi</span> <span class='ocrx_word' id='word_1_338' title='bbox 1343 4337 1440 4528; x_wconf 56' lang='lat' dir='ltr'>ftdrq</span> 
     </span>
    </p>

    <p class='ocr_par' dir='ltr' id='par_1_6' title="bbox 859 4456 1412 4535">
     <span class='ocr_line' id='line_1_40' title="bbox 859 4456 1412 4535; baseline -0.002 0"><span class='ocrx_word' id='word_1_339' title='bbox 859 4456 965 4535; x_wconf 72' lang='lat' dir='ltr'>Pan</span> <span class='ocrx_word' id='word_1_340' title='bbox 1083 4483 1088 4491; x_wconf 85' lang='lat'><strong>·</strong></span> <span class='ocrx_word' id='word_1_341' title='bbox 1391 4456 1412 4505; x_wconf 82' lang='lat'>¹¹</span> 
     </span>
    </p>
   </div>
   <div class='ocr_carea' id='block_1_5' title="bbox 0 0 1996 5167">
    <p class='ocr_par' dir='ltr' id='par_1_7' title="bbox 0 0 1996 5167">
     <span class='ocr_line' id='line_1_41' title="bbox 0 0 1996 5167; baseline 0 0"><span class='ocrx_word' id='word_1_342' title='bbox 0 0 1996 5167; x_wconf 95' lang='lat' dir='ltr'> </span> 
     </span>
    </p>
   </div>
   <div class='ocr_carea' id='block_1_6' title="bbox 609 3564 1608 3661">
    <p class='ocr_par' dir='ltr' id='par_1_8' title="bbox 609 3564 1608 3661">
     <span class='ocr_line' id='line_1_42' title="bbox 609 3564 1608 3661; baseline -0.002 -21"><span class='ocrx_word' id='word_1_343' title='bbox 609 3565 710 3653; x_wconf 72' lang='lat' dir='ltr'>uite,</span> <span class='ocrx_word' id='word_1_344' title='bbox 733 3585 839 3661; x_wconf 86' lang='lat' dir='ltr'>atque</span> <span class='ocrx_word' id='word_1_345' title='bbox 863 3564 913 3638; x_wconf 89' lang='lat' dir='ltr'>ita</span> <span class='ocrx_word' id='word_1_346' title='bbox 928 3565 1094 3661; x_wconf 78' lang='lat' dir='ltr'>deinceps</span> <span class='ocrx_word' id='word_1_347' title='bbox 1110 3564 1201 3641; x_wconf 87' lang='lat' dir='ltr'>liber</span> <span class='ocrx_word' id='word_1_348' title='bbox 1222 3568 1267 3643; x_wconf 89' lang='lat' dir='ltr'>ad</span> <span class='ocrx_word' id='word_1_349' title='bbox 1278 3569 1429 3656; x_wconf 86' lang='lat' dir='ltr'>milites,</span> <span class='ocrx_word' id='word_1_350' title='bbox 1462 3579 1537 3638; x_wconf 74' lang='lat' dir='ltr'>urna</span> <span class='ocrx_word' id='word_1_351' title='bbox 1560 3598 1608 3638; x_wconf 79' lang='lat' dir='ltr'>ex·</span> 
     </span>
    </p>
   </div>
  </div>
 </body>
</html>
