3984 5167
253 454 257 463 “
405 493 415 506 ’
561 512 642 598 192
700 486 735 596 J.
766 482 815 574 n.
842 501 909 572 m
945 475 1201 582 Tnssrs
1236 476 1630 580 counimur.

554 681 652 759 dere
670 679 783 752 seeum
801 675 976 772 agendum
992 671 1059 749 eise
1074 671 1278 761 affirmaret,
1302 677 1484 776 nolletque
1501 674 1639 755 frustari
1659 694 1757 770 pra·-

557 780 629 850 mio
652 779 830 858 laborum,
864 797 954 866 quos
972 770 1047 868 ipse
1065 776 1103 844 iu
1120 771 1310 847 obfideudn
1318 773 1406 851 urbe
1419 776 1519 868 prior
1536 769 1755 866 srrscepiiset;

555 897 702 968 eamque
719 873 766 942 ob
792 869 927 943 causam
953 867 1157 942 fimulratcm
1180 872 1364 945 maximam
1395 871 1590 942 interillos
1613 890 1753 956 ortam,

556 973 653 1066 quod
678 968 896 1062 (dummodo
920 963 1126 1061 vernunst)
1148 965 1344 1038 inconsulte
1367 963 1595 1058 sanumque
1618 967 1751 1058 impru-

538 1069 678 1140 denter
700 1066 851 1138 facium:
888 1059 992 1134 satius
1020 1063 1112 1133 euim
1136 1057 1273 1150 Bridtfio
1300 1059 1437 1144 suisset,
1471 1065 1754 1155 quoquomodo

558 1161 688 1256 Leydi
707 1163 832 1255 potiri,
858 1159 962 1252 quun
981 1178 1051 1230 tam
1066 1157 1167 1230 brevi
1184 1178 1362 1233 momento
1382 1179 1500 1229 tantos
1511 1161 1649 1232 iabores
1666 1171 1753 1234 cum

556 1259 732 1331 dedecore
777 1252 945 1329 crdidisse.
972 1253 1142 1326 Consedit
1156 1250 1317 1344 Baidestns
1332 1252 1412 1345 posi
1430 1274 1503 1327 reru
1521 1256 1611 1325 male
1620 1252 1749 1347 gestam

559 1357 596 1429 in
616 1355 719 1446 Haga
792 1355 903 1436 mitis,
928 1346 1355 1442 athrquesrnnt‘utsedara
1371 1347 1606 1442 Hispanorum
1622 1353 1752 1424 tumui-

559 1451 737 1534 tuatione,
765 1447 923 1522 Vtresiium
943 1469 1024 1518 curu
1038 1447 1195 1520 exercitu
1211 1443 1438 1516 Bommeiiam
1454 1442 1573 1518 versuo
1593 1443 1750 1529 miserat,

560 1569 599 1618 ut
615 1549 711 1640 quod
734 1541 844 1636 posset
869 1539 957 1614 hosti
984 1561 1145 1615 noceret:
1176 1541 1245 1635 qui
1268 1540 1305 1610 in
1329 1538 1555 1634 expeditione
1581 1541 1753 1638 oppidula

512 1693 515 1699 ·
560 1639 760 1724 Vorcum*,
786 1639 822 1710 &
843 1638 1012 1710 Lerdavi
1031 1659 1144 1731 capta.
1466 1713 1471 1720 ⁴
1732 1675 1736 1682 -

610 1737 673 1810 IX.
700 1735 777 1830 lpse
804 1757 888 1806 vero
906 1734 1109 1828 Anrverpiae
1131 1732 1285 1844 politicis
1309 1732 1483 1818 intentus,
1515 1731 1591 1814 crim
1605 1733 1754 1810 cinisem

562 1835 759 1910 construere
786 1823 969 1916 statuisset,
994 1829 1105 1904 fretus
1127 1828 1277 1924 justitia,
1301 1849 1413 1922 arque
1432 1834 1596 1925 equitate
1619 1829 1754 1914 causae,

562 1952 667 2025 quarn
686 1928 860 2023 praecipue
878 1923 1134 1998 Ecclesiasticus
1146 1924 1395 2020 primariosque
1409 1945 1548 2010 omnes,
1571 1945 1651 2004 aute
1666 1928 1754 2002 aliua

526 2062 529 2074 ·
562 2023 723 2119 amplesii
741 2024 907 2102 decebat,
933 2043 972 2094 ut
991 2023 1036 2094 ed
1050 2022 1184 2106 citius,
1210 2022 1247 2096 dc
1271 2021 1400 2114 Regis,
1424 2021 1686 2110 &orthodoxe
1701 2045 1754 2096 re·

564 2121 706 2215 ligionis
731 2119 836 2192 hostis
867 2117 1033 2192 debellari
1064 2114 1200 2212 posset,
1224 2115 1367 2190 arbores
1395 2116 1459 2190 fibi
1484 2139 1553 2212 pro
1589 2117 1756 2214 cujusque

437 2245 439 2252 ’
566 2219 693 2303 modo,
718 2239 760 2290 ac
783 2214 1003 2287 facultatibus
1018 2215 1114 2297 dari,
1139 2215 1233 2286 unde
1251 2213 1359 2300 elaffir
1370 2216 1485 2306 parari
1502 2210 1632 2309 posset,
1659 2217 1755 2293 litte·

566 2317 615 2387 ris
630 2313 672 2384 ad
684 2333 743 2386 eos
760 2309 858 2382 miffis
871 2312 979 2404 petire
1007 2309 1117 2396 Quod
1133 2308 1214 2382 cium
1231 2311 1453 2403 pertinaciter
1461 2315 1758 2405 praererexpesia·

486 2481 490 2493 ,
567 2412 698 2484 tionem
717 2429 903 2502 negarent,
926 2406 1085 2499 supremi
1110 2406 1189 2479 usus
1215 2405 1403 2498 potestate,
1427 2407 1497 2478 illis
1520 2408 1640 2480 invitis
1660 2430 1756 2483 coru·

568 2507 688 2602 plures
713 2503 1125 2596 caedi,Antverpiamque
1142 2503 1269 2574 devehi
1285 2505 1433 2576 curavit.
1451 2502 1756 2581 -Mandrvitetiam

416 2627 418 2638 ·
569 2599 1055 2768 granniAndreoeCigongna,
1082 2620 1188 2672 urea
1216 2600 1492 2693 pecunia,quae
1521 2599 1757 2695 persingulas

595 2695 804 2769 ebdomadas
823 2697 917 2776 toti,
942 2692 1032 2765 Com
1060 2696 1139 2765 iniae
1163 2694 1436 2787 extorquebatur
1468 2694 1601 2789 (quarn
1627 2699 1758 2770 contri·

567 2793 729 2867 butioues
747 2790 944 2878 vocabant)
955 2717 1187 2862 Praesidiarios
1199 2791 1234 2860 iu
1252 2789 1377 2862 finibus
1393 2791 1619 2889 undiquaque
1633 2790 1760 2866 susten·

338 2941 342 2946 -
401 2930 536 2998 mmm-⁰
569 2908 680 2971 taret,
704 2887 748 2957 ad
765 2907 843 2981 quae
859 2887 929 2958 duo
941 2885 1135 2958 necesitate
1145 2887 1388 2980 procuidubio
1402 2887 1569 2982 impulsus
1583 2890 1638 2962 est.
1660 2889 1760 2964 Nam

401 3016 537 3075 cmm.
570 2985 606 3056 in
626 2979 805 3055 ordinibus
821 3005 891 3054 non
911 2983 998 3054 nulli
1015 2982 1060 3054 eb
1075 2982 1287 3067 tendebant,
1312 3001 1422 3055 utres
1442 2986 1547 3077 regiae
1569 2986 1759 3078 aliquando

401 3091 504 3151 annis
572 3080 620 3155 ob
645 3078 806 3150 summam
835 3081 1015 3173 penuriam
1040 3077 1320 3152 collaberentur:
1355 3079 1507 3173 ideoque
1530 3082 1761 3154 voluntariam

402 3163 516 3266 neces*
572 3175 789 3249 subditorum
805 3195 888 3269 erga
903 3171 1035 3284 Regem
1048 3173 1317 3266 :liberalitatem
1337 3178 1496 3270 quamvis
1513 3179 1761 3270 petitam,con·

399 3237 526 3384 '233
573 3272 791 3366 suetamque,
815 3273 863 3344 ira
879 3271 1135 3363 impediebant,
1159 3289 1198 3340 nr
1217 3271 1305 3344 nihil
1321 3273 1470 3344 obtineri
1490 3271 1604 3366 posset
1626 3325 1639 3359 ‚
1670 3276 1764 3347 unde

403 3343 437 3387 ”⁰
486 3365 494 3382 '
574 3373 722 3442 aleretur
745 3365 859 3446 miles,
887 3363 1058 3462 rebusque
1084 3364 1276 3439 necessariis
1301 3366 1559 3442 subveniretur:
1585 3393 1658 3463 quo
1678 3369 1766 3444 nihil

312 3575 314 3584 =
406 3489 524 3626 sib.-
573 3462 1765 3655 middin,{burstsib,{iritb‘ibvssssiissbinz

575 3661 647 3732 dita
677 3657 844 3750 paulatim
864 3634 995 3727 animos
1021 3655 1064 3726 ad
1083 3653 1355 3748 desperationem
1386 3641 1520 3752 (quam
1551 3656 1767 3756 summopere

575 3750 785 3850 expetebat)
813 3755 949 3824 trabere
968 3749 1157 3824 necessario
1177 3752 1372 3828 videbatur.

625 3847 668 3923 X.
717 3845 854 3920 Eodem
883 3871 973 3920 anno
1008 3845 1186 3920 millesimo
1214 3848 1490 3945 quingentesimo
1515 3848 1634 3946 septua
1660 3849 1767 3925 efirno

576 3965 725 4040 quartu,
759 3941 939 4018 Elesiores
975 3945 1116 4040 imperii
1147 3942 1276 4018 Rheno
1299 3948 1435 4032 vicini,
1468 3944 1547 4020 crim
1581 3973 1624 4022 ce
1650 3955 1769 4023 atione

577 4041 777 4114 commercii
799 4041 844 4112 ob
857 4039 1040 4134 Belgarum
1058 4043 1175 4115 turbas
1194 4045 1317 4117 damna
1331 4043 1426 4116 haud
1447 4043 1635 4118 mediocria
1648 4047 1683 4117 in
1700 4043 1769 4119 suin

578 4134 749 4212 consuetis
778 4133 1006 4231 vestigalibus
1031 4159 1254 4234 paterentur,
1289 4139 1335 4218 de
1357 4143 1612 4240 componendis
1629 4162 1773 4218 contro·

397 735 500 811 ¹574

1695 4261 1775 4328 Μ’.

760 4339 780 4388 ’
800 4291 971 4416 nereum
992 4343 1031 4417 dr
1049 4345 1233 4421 Leerdam.
1267 4362 1271 4366 ’
