3984 5167
364 484 659 579 arnan
720 456 1240 580 s'uurrmus.
1357 489 1499 617 477*

247 704 316 775 que
336 676 541 753 desiderium
560 677 737 765 incitaret,
762 678 811 751 ita
826 694 866 749 ut
881 676 1059 753 denuode
1076 698 1165 772 pace
1182 679 1434 781 interRegem‚
1486 688 1590 781 1586.

246 782 284 851 δι
303 776 496 869 Hugrnrttos
516 798 696 869 ageretur,
713 776 821 867 eaque
838 775 971 846 ratione
988 776 1096 857 unio,
1112 770 1267 867 Guistique
1281 787 1434 857 authori.

246 893 299 946 tas
314 875 456 943 omnino
478 866 708 945 evanesceret.
733 869 888 945 Rescivit
903 870 1076 965 continuo
1092 868 1179 941 Dux
1194 875 1431 969 Lothoringia,

242 968 389 1039 Nouarrr‘
405 968 632 1041 Germanicas
650 968 727 1039 illas
743 969 862 1059 copias
883 988 948 1059 per
963 966 1204 1057 Lothoringiam
1226 969 1263 1041 in
1282 966 1434 1047 Galliam

243 1066 452 1139 contendere
470 1061 641 1149 statuisse,
659 1085 809 1156 cumque
828 1057 910 1134 esset
923 1074 999 1135 tam
1015 1064 1234 1157 propinquus
1259 1063 1433 1158 Guistorurrr

241 1158 540 1254 consanguineus,
570 1182 635 1231 nec
669 1182 741 1253 uon
764 1159 892 1231 amicus
915 1159 1089 1244 intimus,
1122 1158 1252 1232 etiamsi
1279 1165 1436 1249 nondum
1521 1232 1526 1238 .

240 1261 441 1331 eorumdem
464 1274 580 1347 partes
608 1250 689 1327 esser
720 1276 774 1327 am
803 1254 901 1325 sexus
924 1302 936 1337 ,
961 1255 1090 1327 meritd
1115 1273 1231 1327 tamen
1256 1260 1434 1331 metuebat

241 1346 341 1443 Gurfii
366 1350 513 1444 hostes,
538 1348 603 1421 soli
625 1346 689 1441 ipsr
715 1277 948 1443 (rsamco,
975 1354 1071 1443 quod
1093 1346 1434 1442 perseuerantiam,

215 1445 572 1539 incommodumque
587 1446 754 1517 illaturos.
807 1442 928 1538 ltaque
951 1444 1079 1538 &ipse
1103 1446 1147 1516 ad
1167 1468 1221 1519 tes
1240 1448 1312 1519 suas
1330 1453 1433 1523 armis

239 1544 398 1617 tutandas
421 1542 574 1615 animum
587 1540 713 1623 vertit,
739 1562 886 1631 eumque
909 1543 946 1612 iu
962 1539 1066 1613 finem
1084 1541 1210 1613 auxilia
1229 1541 1249 1613 a
1265 1546 1432 1637 Parmenst
1561 1604 1569 1617 ,

237 1640 329 1713 mitti
345 1636 409 1709 srbi
426 1639 547 1733 petiit,
573 1637 635 1732 qui
650 1634 781 1710 secreto
800 1634 895 1707 Duci
911 1633 1084 1731 permisit,
1109 1639 1256 1732 proprio
1281 1640 1430 1715 conscri—
1466 1606 1609 1746 mma

234 1732 321 1808 bere
342 1736 481 1809 nonriue
497 1754 664 1828 quaterna
682 1735 837 1827 equitum
846 1730 1105 1805 Germanorum
1124 1733 1249 1819 millia,
1293 1736 1431 1810 romissa
1458 1706 1582 1824 domii

234 1830 436 1906 eorumdem
452 1828 641 1915 solutione,
668 1828 793 1924 quibus
811 1828 937 1924 copiis,
951 1852 1016 1903 nec
1032 1852 1104 1901 uon
1118 1830 1249 1923 aliquot
1258 1759 1430 1925 &quitum
1466 1842 1612 1913 nosfflar·
1659 1897 1663 1909 ,

237 1924 552 2021 Cataphraiioruut
568 1927 690 1999 turmis
706 1925 729 1999 ὲ
745 1923 871 2019 Belgio
881 1925 981 1997 millis
992 1922 1187 2015 ,commissa
1201 1923 1434 2015 Praefectura,
1465 1919 1559 1981 ’ms‘

223 2022 418 2098 ,Marchioni
433 2025 470 2095 de
485 2022 614 2106 Haorl,
640 2018 817 2097 securitati
830 2020 942 2095 Ducis
958 2021 1144 2094 videbatur
1166 2020 1244 2095 satis
1265 2022 1331 2096 else
1348 2051 1431 2119 pro·
1468 2015 1568 2134 ⁹¹⁸⁰sjs⁶

234 2117 356 2193 visum.
403 2116 491 2191 Non
516 2134 633 2191 tamen
663 2140 739 2192 eam
766 2136 901 2192 tantum
931 2117 978 2191 ob
1009 2116 1144 2191 causam
1173 2117 1249 2191 haec
1274 2121 1430 2196 instituta
1465 2095 1599 2216 miz„
1641 2118 1653 2190 .’

234 2214 356 2303 fuere,
378 2215 618 2289 verumetiam
638 2216 782 2289 volebat
795 2218 975 2309 Parmrnsts
993 2214 1036 2286 iis
1055 2214 1194 2286 auxiliis
1216 2212 1429 2303 conservari,
1466 2233 1600 2307 caram,

236 2332 405 2411 quantum
422 2310 496 2381 fieri
513 2308 625 2403 posset
650 2355 675 2394 ,·
697 2312 734 2383 δι
750 2311 911 2381 unionem
932 2312 969 2383 δι
989 2304 1118 2399 Gaifiot.
1169 2310 1313 2384 Certum
1336 2318 1431 2386 enim
1464 2309 1499 2401 ⁰?
1515 2312 1612 2372 deora:-

236 2427 333 2495 erat,
365 2400 501 2502 Regem
534 2400 610 2496 (2)
642 2404 731 2476 nihil
757 2406 933 2477 ardentius
958 2406 1073 2475 animo
1101 2407 1290 2489 volutare,
1324 2431 1429 2503 quarn
1464 2389 1588 2519 c'genaum

235 2503 416 2579 amborum
443 2502 597 2575 exitium.
647 2497 808 2593 Cumque
834 2497 1017 2574 verifimile
1035 2496 1143 2585 esset,
1168 2503 1204 2572 id
1224 2502 1337 2593 ipsum
1356 2526 1428 2577 ten.-
1467 2482 1611 2604 Lam,

235 2617 388 2673 taturum
411 2598 482 2693 (3)
508 2595 589 2669 cum
611 2596 782 2690 quidquid
813 2596 991 2687 copiarum
1016 2594 1157 2666 haberet
1184 2593 1333 2688 Gustus,
1367 2598 1431 2673 soli
1461 2618 1533 2691 gra,
1553 2619 1591 2692 &a

234 2694 329 2790 Regi
347 2692 557 2765 sacramento
577 2692 718 2764 militari
739 2686 821 2764 esset
844 2686 1037 2775 astrislom,
1059 2689 1279 2764 necessarium
1295 2692 1436 2783 visum,
1465 2699 1496 2751 ⁶²³
1512 2715 1610 2762 omnem

234 2809 429 2889 ptaeparare
455 2785 558 2881 Guifio
583 2789 738 2861 occultas
760 2786 965 2861 Germanici
986 2785 1078 2859 illius
1107 2789 1282 2861 exercitus
1305 2788 1429 2887 suppe-
1464 2789 1588 2839 ‘mmm

235 2890 323 2970 tias,
348 2886 474 2980 quibus
493 2886 579 2957 Dux
596 2883 743 2979 proprio
758 2884 924 2967 nomine,
945 2900 1117 2976 tanquam
1135 2882 1427 2981 consanguineus,
1455 2849 1576 2990 {m

234 2985 273 3059 &
288 2984 440 3069 amicus,
466 2980 659 3055 necessitate
672 2998 817 3074 urgente
833 2978 866 3051 ei
880 2975 1098 3073 praestitisset.
1123 2980 1201 3078 (4).
1224 2982 1335 3076 Quod
1346 3008 1427 3060 cum
1466 3008 1578 3080 Garat..

231 3075 445 3176 persensisset
469 3076 569 3169 Rex,
594 3073 732 3147 summo
755 3076 891 3171 rigore,
915 3098 957 3153 ac
983 3072 1169 3150 severitate
1198 3075 1295 3153 Duci
1320 3082 1428 3155 inter·

131 3170 134 3190 ¹
231 3176 382 3250 minatus
401 3176 470 3260 est,
492 3198 537 3249 ne
560 3194 641 3246 cum
661 3168 729 3243 suis
753 3171 865 3265 copiis
887 3167 999 3247 solum
1022 3168 1204 3246 Gallicum
1227 3174 1313 3267 attin
1340 3195 1425 3251 eret.

229 3270 407 3348 Coeterum
436 3290 569 3345 tantum
586 3266 726 3339 fortuna
739 3264 840 3361 Guisro
856 3266 942 3343 savit
959 3287 1000 3341 ut
1013 3292 1092 3341 non
1104 3266 1211 3339 fuerit
1227 3198 1361 3343 necesse
1379 3296 1433 3345 eo·

233 3366 305 3442 fine
320 3370 372 3442 uti
381 3416 394 3455 ,
404 3367 598 3441 Navarrt'cis
614 3366 704 3441 enim
722 3361 931 3453 Germania,
956 3386 1035 3437 cum
1043 3363 1308 3461 Lotharingiam
1322 3366 1429 3441 trans·

232 3460 347 3537 iiffent
369 3466 405 3537 in
428 3460 643 3557 Burgundiae
660 3458 788 3535 finibus
814 3457 937 3551 Grofiat
963 3482 1044 3533 curn
1074 3462 1241 3555 expedito
1270 3465 1437 3559 equiturn

232 3582 378 3633 numero
394 3582 601 3647 occurrens,
625 3558 742 3651 ptimo
760 3577 821 3630 eos
836 3554 1023 3651 congressu.
1034 3558 1137 3632 valde
1153 3553 1298 3646 afflixit,
1309 3564 1436 3635 alteri·
1482 3587 1486 3596 ·

231 3652 341 3753 usque
364 3655 488 3731 exinde
501 3655 682 3730 tendentes
698 3654 788 3731 adeo
806 3654 977 3744 vexavit,
998 3674 1037 3729 ut
1055 3654 1217 3744 tandem,
1232 3658 1294 3750 qui
1309 3656 1435 3751 super--

1333 3771 1437 3827 erasis.

326 3935 340 4019 )
401 3943 543 3999 uantum
575 3919 747 4017 assequor,
782 3930 992 4017 legendum:
1005 3931 1066 4017 soli
1081 3931 1248 4015 fiblomiro
1268 3928 1395 4003 Guilil..

331 4019 345 4101 )
399 4038 413 4081 e
431 4014 545 4083 Gollr'ae
560 4015 640 4099 Rege
664 4014 697 4081 td
715 4015 855 4097 intelligo.

362 4100 413 4166 De
428 4101 526 4165 rodem
557 4099 637 4184 Rege
665 4100 712 4164 laic
730 4100 829 4186 sermo
851 4098 902 4182 esi.

364 4182 497 4270 Obscura
517 4184 592 4281 sam,
618 4182 727 4251 verba.
769 4180 895 4267 Qaldfi
917 4190 984 4248 im:
1015 4182 1106 4281 quast
1125 4177 1209 4251 nux
1243 4181 1442 4267 (roman

300 3953 317 4001 r

303 4038 321 4085 a

289 4121 317 4185 ·3

234 4206 332 4349 tias.
357 4269 476 4353 roprio
498 4282 658 4344 nomme,
679 4282 862 4351 tamquam
879 4266 1181 4355 Consangulueus,
1214 4263 1252 4338 ἃ
1278 4268 1421 4352 amicus,¹

236 4364 304 4419 nec
358 4364 430 4425 tate
447 4366 593 4442 urgente
609 4353 670 4423 has
685 4352 719 4425 ei
735 4349 966 4513 praelgtiffet?
1047 4440 1049 4448 Ι

812 4530 816 4536 ,
860 4458 968 4533 003,
