3984 5167
295 660 783 848 Jonmmrs
860 497 1442 900 ultumum&
1731 804 1801 920 ἆ

434 969 607 1097 DE
701 966 766 1095 T
806 967 871 1093 A
918 966 964 1095 S
1012 967 1058 1096 S
1102 967 1225 1096 IS

1540 1160 1551 1234 i

317 1270 321 1281 *
352 1247 742 1343 Commentariorum
777 1248 828 1337 de
866 1240 1122 1337 Tumultibur
1148 1220 1322 1365 Belgicis
1387 1372 1391 1378 -
1500 1294 1506 1301 ·

322 1499 673 1614 LIBER
742 1502 1362 1612 SEPTIMUS.

243 1755 274 1831 1.
409 1756 603 1856 Pprobavit
621 1757 787 1851 Philippus
807 1758 970 1832 unionem
993 1756 1126 1855 (vulgo
1134 1761 1274 1855 Ligam)
1299 1757 1440 1855 Jonuilae

433 1852 650 1940 conclusam,
675 1854 768 1929 nulla
789 1854 865 1950 ejus
882 1874 983 1949 parte
998 1877 1148 1942 mutata,
1173 1876 1323 1951 excepto
1342 1855 1441 1952 quod

432 1952 573 2044 volebat
592 1970 725 2025 certum
752 1947 855 2024 statui
880 1972 1040 2045 tempus,
1074 1972 1145 2047 quo
1176 1954 1282 2027 eade
1313 1953 1441 2047 quibus

242 2062 368 2123 contra
383 2046 557 2123 Antonium
575 2048 712 2122 secreto
726 2066 799 2121 erat
816 2064 1050 2134 conventum,
1077 2049 1274 2124 executioni
1300 2047 1441 2121 manda·
1525 2066 1535 2082 ⁸

241 2160 371 2217 rentur.
422 2138 569 2222 Remifit
595 2145 714 2239 itaque
743 2138 945 2216 festinanter
976 2144 1142 2229 Murrum,
1166 2146 1230 2241 qui
1254 2159 1325 2219 una
1356 2164 1441 2218 curu

242 2236 281 2311 T
275 2236 361 2335 offlt*
373 2238 488 2314 denuo
502 2236 680 2333 proselitus
697 2236 747 2311 est
764 2238 808 2311 ad
826 2235 988 2329 Guifiutn,
1013 2264 1116 2333 quem
1131 2263 1211 2314 cum
1228 2239 1336 2313 fratre
1352 2240 1441 2313 Car·

215 2336 354 2419 ¹‹linoli
382 2336 547 2410 invenire
578 2332 738 2407 Rhemin.
789 2332 953 2429 Cumque
985 2335 1111 2430 Guistur
1140 2335 1277 2430 placitis
1303 2334 1440 2429 Philippi

239 2432 393 2506 libenter
418 2424 615 2516 assensisset,
640 2428 728 2502 datis
745 2430 854 2501 Murco
869 2431 991 2503 litteris
1019 2430 1064 2503 ad
1088 2430 1224 2506 Ducem
1239 2432 1438 2521 Mercurio,

239 2524 431 2623 Protegem
455 2524 675 2614 Britanniae,
716 2524 777 2597 ubi
802 2545 886 2598 tunc
910 2527 1079 2621 temporis
1152 2529 1239 2615 ebat·
1257 2527 1415 2598 Antonius
1422 2575 1435 2611 ,

242 2618 315 2695 fine
328 2622 425 2718 cujus
448 2643 651 2717 opermuon
668 2638 808 2717 poterat
836 2620 1055 2716 apprehendi
1076 2645 1121 2694 ve
1149 2626 1230 2715 ique
1252 2623 1290 2694 in
1308 2617 1435 2716 Hispa·

242 2720 357 2804 niam,
381 2718 505 2794 tradita
520 2716 589 2793 fuit
606 2714 712 2811 Gutstu
735 2716 872 2789 unionis
896 2714 1114 2791 confirmatio
1139 2719 1278 2812 Philippi
1284 2770 1295 2807 ,
1319 2738 1439 2790 nume·

240 2835 386 2912 rataque
408 2816 549 2910 insuper
571 2816 607 2887 iu
623 2812 803 2887 Comitum
831 2812 1046 2909 Burgundiae
1070 2834 1140 2909 250
1164 2835 1347 2888 aureorum
1361 2814 1439 2885 mil·

240 2912 308 2999 liu,
333 2932 400 2985 nec
424 2934 495 2983 uon
519 2914 562 2983 ad
586 2909 672 2985 fines
696 2908 896 2985 Cantabriae
920 2911 1056 3004 reliqua
1079 2932 1128 3001 50
1150 2912 1257 2983 miliia
1274 2931 1438 3005 procura·

239 3010 311 3083 tori
331 3006 526 3106 Margarita
550 3008 729 3092 Navarra,
755 3026 859 3103 quam
883 3006 1076 3090 vocabant,
1100 3004 1250 3103 Regiuae
1265 3007 1318 3080 uti
1333 3008 1438 3080 tacite

241 3123 317 3181 erat
340 3124 563 3179 conventum.
614 3102 754 3196 Quibus
787 3102 891 3177 rebus
923 3100 1074 3198 perattit
1108 3102 1240 3177 Morem
1266 3104 1357 3178 btne
1387 3103 1440 3173 in·

239 3198 407 3284 strumus,
432 3222 474 3276 ac
497 3201 575 3275 viro
599 3200 751 3296 quodam
766 3198 895 3274 idoneo
910 3202 942 3273 ei
966 3187 987 3273 d
1006 3196 1110 3293 Guisso
1124 3199 1210 3271 dato
1230 3200 1438 3283 comitatus,

242 3300 444 3371 Britanniam
485 3294 604 3371 versus
635 3294 811 3389 proiectus
837 3292 898 3369 est.
951 3290 1077 3387 Yaffius
1107 3296 1195 3368 verb
1221 3289 1439 3387 Sumpsnnium
1536 3343 1538 3346 -

241 3392 368 3479 rediit,
402 3392 465 3465 ubi
478 3391 568 3489 juffu
585 3393 724 3485 Philippi
743 3394 778 3465 in
794 3388 978 3489 praesentia
993 3385 1124 3461 manfit.

289 3485 337 3559 Il.
360 3485 516 3559 Allenffit
543 3486 599 3563 Re
624 3490 637 3559 i
661 3485 785 3579 Gnifitr
810 3486 927 3581 quoad
949 3482 1130 3579 praelixum
1156 3504 1311 3579 tempus,
1337 3484 1438 3581 eique

239 3581 372 3680 scripto
388 3602 484 3656 novo
495 3581 562 3655 sese
577 3513 751 3669 afirimrit,
763 3578 986 3679 promifitque
1003 3580 1162 3675 Philippus
1172 3583 1275 3655 edam
1285 3579 1436 3676 scripto,

239 3681 291 3753 nil
321 3681 358 3753 in
380 3674 528 3751 Antonii
554 3680 660 3752 vitam
680 3696 927 3765 tentaturum,
951 3678 1011 3753 vel
1033 3679 1159 3752 tentari
1181 3674 1436 3751 consensurum.

240 3772 384 3866 Quibus
397 3771 501 3846 rebus
526 3774 574 3846 ita
596 3774 809 3863 constitutis,
833 3776 1001 3848 continuo
1025 3771 1150 3868 Guifiut
1170 3796 1264 3846 artua
1277 3774 1439 3867 arripuit.

239 3870 417 3946 Caeterum
440 3868 644 3943 incredibile
673 3868 789 3955 diuo,
816 3892 947 3968 quanto
970 3870 1133 3953 fervore,
1156 3870 1224 3945 vel
1240 3867 1360 3964 potius
1379 3866 1436 3941 fu-

236 3970 291 4044 ria
324 3967 472 4042 maxima
512 3964 703 4039 nobilitatis
732 3970 868 4064 copia,
902 3968 1158 4061 innumeraeque
1191 3966 1350 4040 civitates
1370 3986 1437 4063 per

239 4086 357 4140 totum·
377 4058 544 4158 Regnum
575 4084 696 4157 eaeque
721 4084 765 4135 ex
787 4062 998 4161 praecipuis,
1031 4062 1068 4136 iu
1091 4060 1241 4155 ejusdem
1266 4060 1369 4136 finem
1393 4084 1437 4137 ac

240 4166 381 4236 tutelam
416 4161 538 4254 aperte
577 4156 612 4231 se
646 4160 849 4234 dediderint.
899 4159 1142 4237 decurrebant
1178 4177 1351 4254 tamquam
1389 4158 1435 4231 ud

239 4249 368 4329 sacram
391 4254 576 4330 anchoram
612 4278 761 4339 omnes3
798 4256 976 4329 extollitur
1000 4252 1124 4347 Guifius
1153 4252 1363 4339 adcedam,
1390 4255 1435 4325 ab

241 4352 401 4439 omuibus
419 4352 631 4450 praedicutur'
653 4348 794 4451 Religio
811 4351 978 4526 llimata,
1002 4352 1176 4450 totiusque
1201 4346 1317 4449 Regni
1343 4351 1437 4515 ωρῡῑὲ

359 4486 363 4497 .
863 4470 939 4524 mm
967 4471 985 4543 3
1353 4464 1385 4539 e]
1423 4480 1439 4496 ι
