3984 5167
384 471 680 635 trena
736 535 1225 683 Quantus.
1342 576 1426 667 325

206 720 509 825 ‚dimicationibus
549 734 755 809 chrotarium
793 736 995 822 elicerent,
1030 755 1272 904 maturentque
1312 740 1423 835 scite,
1469 746 1574 834 1578.
1612 723 1615 729 ¹

230 838 315 933 quid
334 828 385 910 iili
401 829 603 927 civibusque
622 826 702 902 esset
721 831 838 903 animi.
863 831 958 904 Cum
974 854 1063 907 vero
1084 834 1202 907 inveni
1231 854 1265 906 et
1280 836 1330 909 ibi
1347 862 1422 913 orn·

228 933 287 1007 nia
310 914 355 1004 ad
374 930 589 1004 constantem
607 924 840 999 defensionem
855 949 977 1022 parata
997 982 1008 1015 ,
1030 928 1223 1024 prudenter
1241 932 1420 1031 judicans,

228 1028 325 1122 quod
346 1020 548 1099 inhaerendo
570 1024 829 1125 oppugnationi
852 1026 1007 1097 civitatis
1030 1044 1100 1098 tarn
1126 1020 1254 1110 vastae,
1280 1031 1421 1121 tamque

229 1124 393 1207 munitat,
414 1141 582 1217 quaeque,
610 1122 769 1212 quamvis
783 1117 899 1213 longe·
912 1116 1174 1217 copiosrffimum
1192 1118 1264 1213 ipse
1276 1120 1420 1196 haberet

228 1219 435 1300 exercitum,
454 1237 546 1311 aegre
565 1234 680 1287 tamen
705 1214 857 1307 undique
877 1215 1105 1311 circumcingi
1123 1214 1421 1385 polletquodque

228 1310 606 1408 praeterquamquod
624 1330 690 1382 nec
708 1312 825 1404 magni
841 1330 915 1383 erat
933 1314 1121 1399 momenti,
1147 1316 1243 1409 quod
1274 1336 1423 1389 ummam

228 1412 280 1481 rei
297 1405 460 1503 potuisset
475 1404 578 1478 facile
590 1404 661 1477 una
675 1404 734 1501 illa
753 1402 933 1479 obsidione
951 1406 1061 1479 estivi
1079 1410 1244 1503 temporie
1256 1407 1420 1503 spatium,

226 1506 326 1598 quod
354 1502 469 1575 adbuc
491 1500 688 1595 supererat,
712 1498 948 1595 maximasque
975 1504 1051 1573 illae
1074 1500 1253 1577 Ordinum
1281 1506 1420 1579 bellicae

183 1636 189 1643 ·
226 1602 523 1695 praeparatione8‚
547 1616 761 1691 operamque
776 1598 944 1670 inutiliter
960 1606 1090 1683 terere,
1109 1600 1204 1671 nulli
1217 1600 1422 1694 interposuit

229 1696 328 1768 mora
349 1694 531 1766 Nivellam
546 1690 664 1763 versus
678 1693 813 1781 movit,
837 1716 984 1788 eamque
1005 1690 1182 1766 obsidione
1208 1695 1328 1768 cinxit.
1354 1701 1423 1769 Au-

219 1788 361 1885 sidocus
367 1794 436 1883 jam
446 1809 530 1860 tunc
541 1784 661 1882 &ipse
669 1786 815 1861 movere
823 1786 858 1862 se
868 1810 1041 1883 coeperat3
1053 1790 1421 1884 animadvertensque,

228 1886 315 1980 quid
328 1885 436 1958 bostis
453 1904 588 1977 ageret,
612 1886 780 1977 paulatim
799 1882 972 1979 Bongium
987 1884 1106 1961 versus
1122 1886 1293 1959 tendebat.
1315 1887 1424 1959 Cum·

230 2002 299 2075 que
323 1978 541 2053 intellexisset
558 1980 715 2073 Bolluium
731 1978 910 2053 Nivellam
921 2003 1100 2075 quaerere,
1123 1979 1224 2055 famae
1242 1978 1421 2073 Praeseti'i,

228 2100 333 2170 quern
348 2076 399 2148 ibi
415 2075 658 2161 constituerat,
687 2074 864 2148 consulere
890 2081 1014 2151 volens
1037 2076 1192 2171 (sciebat
1206 2080 1298 2151 enirn
1324 2081 1423 2153 nullo

229 2172 337 2246 modo
357 2194 435 2246 euru
458 2172 562 2244 tantis
578 2172 713 2244 viribus
731 2174 791 2266 diu
807 2169 957 2247 refistere
976 2171 1098 2268 posse)
1136 2173 1264 2269 scripto
1288 2178 1320 2247 ei
1345 2199 1423 2270 per·

229 2266 338 2353 milit,
362 2286 401 2340 ut
421 2289 605 2362 antequam
621 2270 665 2339 ad
681 2289 868 2343 extremam
891 2271 1045 2363 inopiam
1062 2271 1278 2364 adigeretur,
1304 2270 1424 2345 civita-

229 2384 301 2436 tem
313 2411 324 2447 ,
349 2386 454 2458 quarn
473 2362 705 2435 honestissimis
733 2363 844 2459 posset
862 2366 1122 2438 conditionibus
1140 2368 1302 2453 dederet,
1327 2389 1424 2441 cura·

229 2460 351 2555 vitque
369 2463 401 2532 ei
419 2460 552 2532 litteras
571 2458 775 2552 tempestive
797 2462 885 2544 tradi
905 2483 971 2555 per
994 2463 1161 2555 Georgium
1180 2462 1314 2555 Bassam
1324 2513 1338 2549 ‚
1364 2465 1426 2557 qui

228 2554 322 2628 solus
347 2577 479 2651 eques,
514 2576 594 2628 curn
616 2556 687 2650 jam
710 2557 883 2649 oppidum
905 2559 948 2631 ab
975 2554 1072 2628 holle
1088 2558 1302 2649 cingeretur,
1330 2556 1437 2631 teilo.

232 2654 356 2723 itinere
366 2699 376 2734 ,
386 2672 525 2745 portam
540 2650 814 2725 Namurcensetn
832 2648 1073 2735 versus,tanta
1087 2648 1298 2735 constantia,
1319 2673 1425 2747 atque

229 2745 414 2828 industria,
438 2746 521 2841 ipsrs
546 2744 779 2840 [pedientibus
805 2746 976 2832 hostibus,
1004 2750 1053 2819 ire
1080 2746 1199 2834 stitit,
1226 2770 1267 2820 ut
1289 2749 1427 2823 litterae

230 2842 432 2926 tradiderit,
456 2845 651 2937 iterumque
667 2846 711 2915 ad
729 2843 808 2916 suos
833 2845 1016 2916 incolumis
1042 2842 1201 2917 reversus
1222 2840 1273 2915 lit.
1323 2845 1422 2918 Galli

229 2944 335 3012 etiarn
349 2942 420 3031 jarn
444 2932 519 3009 suas
538 2938 776 3033 expeditiones
793 2939 1027 3035 incoeperant,
1045 2940 1082 3011 in
1098 2940 1302 3033 potestatem
1329 2941 1422 3014 suam
1459 3022 1462 3029 ,

230 3054 478 3125 converterant
489 3033 696 3129 Havreyum
708 3058 749 3108 ac
766 3038 904 3109 tandem
914 3034 1067 3107 Binsrum
1083 3034 1423 3111 obfidionecinxere.

281 3127 392 3201 Lxll.
418 3129 604 3225 Aulitiacur
626 3152 713 3204 vero
743 3156 824 3204 cum
848 3132 1033 3228 Bougium
1054 3133 1183 3207 intrare
1208 3134 1361 3225 cogitat,
1387 3136 1424 3204 in

229 3248 325 3322 pago
340 3229 512 3322 quodam,
539 3229 600 3322 qui
615 3249 684 3300 uno
703 3230 826 3299 miliari
845 3230 925 3300 inde
946 3227 1113 3313 distabat,
1146 3230 1182 3297 in
1205 3226 1325 3301 febrim
1345 3250 1427 3299 acu·

115 3342 129 3362 ·
228 3344 317 3400 tam,
342 3321 657 3415 acpestilentialem
678 3325 855 3417 inopinate
870 3324 1004 3396 incidit.
1034 3321 1200 3393 Adhibita
1222 3318 1331 3393 statim
1352 3315 1429 3393 fuess

230 3436 270 3485 re
285 3420 419 3500 omnia,
445 3440 523 3510 qoae
538 3421 731 3510 excogitari
747 3420 896 3514 potuere
916 3418 1087 3502 remedia,
1114 3416 1171 3487 sed
1198 3440 1277 3487 cum
1302 3438 1426 3512 parum

228 3508 461 3606 proficerent,
485 3512 582 3587 sexto
596 3513 718 3606 postea
734 3513 927 3586 dieleiiulo
951 3514 1141 3598 incubans,
1168 3510 1317 3603 humeris⁸
1340 3515 1429 3584 mili·
1569 3604 1572 3613 .

232 3627 307 3679 turn
333 3603 504 3699 Bougium
533 3607 738 3682 delatutest.
793 3608 867 3681 Ubi
885 3632 964 3683 cunr
992 3609 1104 3683 indies
1139 3608 1279 3683 motb'us
1312 3610 1427 3702 ingrat·
1461 3625 1543 3684 Mure

230 3700 416 3784 vesceret,
452 3703 590 3773 tandem
614 3706 727 3798 prima
758 3700 943 3787 Ostobrit,
968 3701 1047 3798 post
1104 3706 1278 3775 uindecim
1293 3706 1427 3776 dierum
1461 3704 1566 3801 anlf

218 3798 501 3893 egritudinem,
534 3819 614 3868 cum
647 3797 732 3869 Deo
758 3802 866 3872 multa
888 3799 1053 3895 pietatis,
1078 3727 1347 3893 ‹ileligionisque
1370 3800 1428 3869 de·
1462 3785 1584 3877 ’ΜΨ

232 3890 483 3967 monstratione
511 3892 627 3963 debita
651 3892 852 3986 praestall‘et,
878 3918 922 3969 ex
950 3894 1110 3966 humanis
1136 3892 1297 3977 excellit,
1330 3914 1427 3967 tanto
1459 3858 1612 4015 {zm

232 3992 342 4064 totius
364 3989 535 4062 exercitus
554 4008 724 4072 moerore,
749 4010 791 4061 ac
814 3991 932 4076 lustu,
954 4010 995 4060 ut
1018 3992 1132 4061 nullos
1144 3989 1319 4079 extiterit,
1343 3992 1428 4085 quin
1460 4032 1536 4079 m„

230 4086 409 4159 lachrimis
428 4084 501 4179 ejus
526 4104 672 4160 mortem
700 4086 939 4179 deplanxerit,
963 4106 1167 4181 patremque
1192 4087 1320 4159 militiae
1335 4087 1429 4163 dese

232 4179 337 4269 oilse,
364 4182 522 4278 plurimis
546 4179 691 4252 tristitiae
701 4178 803 4274 signis
824 4184 965 4257 testatus
983 4179 1035 4256 srt.
1084 4178 1249 4254 Delatunr
1270 4181 1335 4258 luit
1352 4206 1437 4271 cor·,

231 4298 303 4373 pus
327 4282 371 4350 ad
395 4274 567 4351 Namurci
590 4278 808 4371 ptaecipuum
838 4280 993 4375 phanum
1030 4275 1117 4351 Divi
1146 4276 1289 4365 Oliut‘,
1313 4280 1432 4373 ibique

230 4370 380 4469 publico
394 4372 623 4447 instrumento
646 4370 863 4473 depolitum,
889 4373 1003 4451 donec
1029 4370 1129 4468 Rex,
1153 4376 1239 4474 quid
1272 4374 1434 4483 ultreia·

392 4478 475 4569 ist,
497 4481 611 4556 aeae.
1344 4486 1438 4546 Μ·
