3984 5167
379 573 675 673 transt
733 573 1230 687 Quantus.
1346 594 1429 704 263

235 788 294 845 tur
316 766 357 855 ‘,
381 762 552 858 rebusque
568 760 638 853 jam
657 757 802 834 omnino
823 756 1043 855 compositis,
1068 756 1278 857 disceisuque
1304 762 1431 866 Hispa·
1463 801 1569 879 1577.

235 888 362 939 norum
379 860 587 937 concilitatis
602 856 758 930 omnium
774 855 920 941 animis,
938 855 1031 930 solus
1049 856 1123 953 ipse
1133 860 1242 933 nollet
1256 857 1430 955 Patriam,

234 984 289 1035 tot
309 961 479 1055 tantisque
508 952 782 1041 calamitatibus,
805 976 849 1026 ac
884 951 1030 1029 miseriis
1063 957 1203 1029 taudem
1231 957 1429 1051 liberatam,

233 1058 342 1132 foelici
357 1060 453 1154 pacis
470 1051 738 1148 tranquillitate,
755 1048 1016 1145 eommodisque
1030 1050 1127 1142 frui,
1145 1076 1188 1127 ac
1204 1055 1325 1147 potiri.
1359 1058 1431 1133 Sed

233 1156 292 1229 ille
313 1158 357 1229 ad
377 1158 453 1227 haec
469 1148 678 1230 immobilia,
696 1169 738 1220 ac
755 1148 792 1219 in
810 1147 925 1242 primo
950 1146 1133 1244 proposito
1154 1146 1346 1245 persistens,
1360 1178 1432 1249 quo

235 1275 356 1325 omnes
371 1251 446 1324 suas
463 1247 635 1331 astiones,
660 1262 825 1337 tanquam
836 1242 881 1315 ad
895 1242 1039 1338 soopum
1051 1247 1241 1343 dirigebat,
1262 1250 1434 1346 tergiver-

234 1348 300 1423 sari
319 1341 531 1431 artificiose,
554 1360 793 1427 numanum,
819 1362 913 1413 nunc
933 1342 1081 1413 alterurn
1097 1343 1156 1416 res
1175 1348 1327 1436 ondere,
1352 1349 1433 1421 alle·

234 1466 340 1541 gare,
367 1445 404 1517 &
420 1443 512 1515 velle
529 1434 763 1511 conciliabula
776 1432 942 1530 Austriuco
961 1435 1114 1525 secreta,
1195 1444 1435 1540 occultaobji·

237 1564 335 1625 cere,
359 1536 470 1611 solum
492 1534 536 1609 ad
566 1532 603 1608 id
629 1531 791 1617 tendere,
818 1534 913 1626 quod
939 1530 1002 1604 libi
1023 1531 1156 1627 litisque
1176 1537 1279 1611 rebus
1303 1564 1347 1611 ert
1371 1540 1434 1613 usu

236 1636 305 1720 est,
329 1634 560 1728 intelligeret,
583 1628 739 1721 nihilque
756 1630 894 1717 minus,
910 1651 1015 1724 quam
1032 1630 1075 1704 de
1090 1628 1350 1709 instaturatione
1365 1634 1435 1723 Re,-

237 1736 305 1831 giae
320 1728 530 1805 obedientiae
546 1728 728 1823 oogitare3
754 1726 910 1811 castella,
944 1726 1153 1823 urbiumque
1184 1752 1435 1826 propugnata.

236 1835 272 1905 la
288 1825 551 1901 provinciarum
575 1826 607 1897 ei
624 1821 896 1910 adhaerentium,
911 1823 1128 1918 interrupta,
1154 1824 1435 1921 imperseliaat·

171 1980 176 1985 -
263 1950 306 1999 ue
319 1924 473 2019 alioquin
489 1946 561 1995 non
577 1920 669 1994 bene
683 1916 898 2014 composta,
924 1917 1047 1993 errasse
1065 1918 1219 2008 absolvi,
1239 1946 1341 2021 atque
1355 1948 1433 2022 per·

237 1952 315 2111 ξεί,
339 2020 594 2116 quamprimum
623 2015 787 2100 curavit,
813 2036 976 2110 novaque
1009 2016 1148 2114 insuper
1174 2022 1250 2095 aliis
1282 2024 1440 2096 inlotis·

237 2118 450 2216 opportunis
475 2115 590 2189 extrui
604 2111 715 2209 juffit,
733 2128 844 2204 utque
866 2135 938 2184 uno
960 2113 1072 2189 verbo
1096 2112 1300 2209 absolvam,
1325 2123 1435 2193 multa

237 2220 275 2293 in
295 2219 358 2290 illo
377 2236 460 2308 erga
471 2212 606 2307 Regem
625 2208 750 2304 optimi
763 2206 894 2282 subditi
909 2208 1055 2283 verbosa
1069 2210 1220 2308 judicia,
1244 2238 1283 2287 re
1298 2218 1435 2290 veroid

238 2313 367 2401 solum,
383 2334 465 2407 quo
494 2306 725 2386 Provincias,
752 2306 880 2398 quibus
908 2325 991 2380 tunc
1020 2326 1195 2404 tamquam
1221 2312 1436 2405 gubernator

238 2428 404 2508 preerat,
428 2406 465 2478 in
480 2405 531 2478 sui
547 2402 827 2477 benevolentiam
846 2403 896 2475 ita
914 2401 1137 2478 confirmaret
1159 2459 1170 2494 ,
1199 2430 1239 2481 ac
1265 2408 1436 2481 constabi-

238 2510 339 2589 liret,
365 2524 404 2577 ut
427 2503 555 2597 rejesto
587 2500 728 2573 tandem
757 2496 875 2593 Regio
902 2501 1073 2589 nomine,
1105 2502 1293 2596 aliquando
1319 2528 1374 2578 eas
1399 2508 1437 2579 in

240 2604 335 2676 suam
356 2598 590 2696 potestatem,
615 2595 900 2687 dominatumque
926 2616 1130 2670 convertere
1155 2598 1279 2691 posset.
1329 2600 1440 2675 Unde
1554 2658 1560 2673 .

239 2699 363 2775 laetitia
386 2692 556 2769 consectae
579 2693 677 2787 pacis
700 2690 800 2762 brevi
827 2689 1035 2782 liquesasta,
1060 2716 1228 2767 novarum
1255 2695 1437 2771 turbarum

241 2816 415 2878 terrores,
441 2791 563 2861 merito
588 2786 791 2860 annuntiare
806 2786 999 2861 videbatur.
1309 2858 1317 2865 ,

288 2889 354 2963 Ill.
379 2886 549 2961 Praererea
568 2910 612 2959 ne
626 2902 812 2958 contentus
830 2881 921 2956 infra
935 2884 1010 2956 suas
1029 2880 1062 2957 se
1079 2882 1283 2963 Provincias
1300 2890 1440 2967 limites-

242 3014 311 3089 que
329 2988 533 3066 continere,
558 3002 663 3078 atque
690 2981 805 3053 omnia
834 2980 884 3051 ibi
909 2980 954 3055 ad
977 2980 1117 3057 libitum
1142 3007 1275 3080 agere,
1300 2994 1441 3064 coeterie

240 3112 328 3163 vero
345 3083 464 3178 Belgis
484 3078 575 3154 suam
595 3080 748 3173 quietem
764 3076 980 3171 relinquere,
998 3080 1081 3174 quin
1101 3082 1173 3155 imo
1190 3086 1352 3179 properis
1364 3086 1438 3161 suc·

241 3183 385 3260 cessabas
410 3183 539 3259 elatus,
564 3174 735 3269 vafroque
758 3174 921 3267 ingenio,
946 3200 1020 3271 quo
1049 3177 1217 3271 paulatim
1241 3181 1441 3256 universum

239 3282 433 3375 Belgium,
501 3274 596 3345 aucis
621 3272 777 3367 exceptis
801 3272 845 3343 ad
877 3272 1103 3347 rebellionem
1135 3276 1342 3349 incitaverat
1374 3276 1441 3349 dis

241 3374 438 3468 celsumque
512 3370 711 3465 ispanorum
741 3390 976 3463 procurarat,
1013 3370 1156 3442 omnino
1191 3368 1297 3458 fisus,
1323 3372 1438 3447 relicta
1470 3368 1609 3465 R'tsvatt'v

241 3468 399 3549 miseris,
422 3466 615 3539 futurarum
641 3464 853 3539 miseriarum
876 3463 994 3552 curi,
1021 3488 1091 3537 non
1117 3486 1302 3540 contentus
1337 3490 1437 3564 parte
1468 3451 1588 3543 ‘'mi“

1468 3528 1502 3585 ou
1557 3545 1618 3587 rrrr-

241 3566 339 3650 ullh,
370 3564 415 3637 ad
448 3564 555 3635 totius
579 3562 725 3656 Imperii
757 3562 1028 3656 occupationem
1057 3562 1129 3657 jam
1162 3563 1294 3639 dudum
1325 3567 1438 3640 eresta
1469 3547 1576 3681 damase

242 3665 362 3754 stare,
403 3682 444 3731 ac
471 3680 609 3731 manere
638 3658 838 3731 constanter
862 3658 985 3731 voluit.
1037 3658 1206 3735 Habebat
1228 3684 1293 3757 per
1316 3686 1437 3737 omnes
1469 3698 1619 3745 trunsum

242 3764 321 3836 illas
358 3752 590 3835 Provincias,
624 3776 704 3850 quae
736 3777 816 3827 cum
843 3754 1012 3851 :sasiriaco
1044 3756 1309 3853 transegerant,
1341 3762 1441 3833 'rnnv-
1470 3704 1553 3821 gldi-

241 3878 357 3933 meros
372 3850 436 3925 srbi
460 3846 637 3932 faventes,
659 3849 834 3923 scatebant
859 3851 926 3923 illae
951 3853 1144 3939 hereticis,
1177 3857 1239 3947 qui
1265 3878 1387 3930 omnes
1404 3860 1437 3931 ei
1469 3843 1616 3937 ramat·

240 3948 472 4035 adherebant,
497 3948 534 4018 in
551 3942 725 4019 Ordinem
745 3946 908 4042 Collegio
926 3948 1020 4020 haud
1042 3952 1146 4042 pauci
1169 3972 1285 4040 erant,
1312 3954 1437 4047 quibus
1468 3918 1565 4058 Ἠ,

240 4051 359 4126 omnia
385 4045 445 4118 sua
474 4065 611 4137 coepta,
641 4063 763 4138 grata,
789 4044 827 4117 ἃ
852 4064 1012 4138 accepta,
1049 4049 1180 4141 quique
1210 4070 1434 4141 tarantum,
1467 4018 1620 4147 {sauma

240 4172 320 4243 quae
339 4146 376 4218 in
401 4165 473 4217 rem
498 4142 632 4213 Auriuri
655 4137 780 4225 essent,
806 4158 873 4234 pro
896 4138 1064 4231 honesto,
1090 4166 1131 4217 ac
1157 4144 1443 4223 urilihabebant:
1463 4160 1592 4234 faventes

242 4264 411 4340 erantque
439 4240 555 4313 adhuc
592 4260 638 4311 ex
661 4236 861 4314 recentibus
886 4240 985 4315 malis
1009 4241 1164 4317 omnium
1188 4243 1291 4320 animi
1316 4248 1360 4321 ad
1385 4271 1439 4319 res
1462 4235 1620 4371 {hijs

409 4448 428 4493 ,
639 4444 646 4458 .
1330 4328 1622 4448 ονο,ε,ε,“ὀ,

448 4444 547 4530 Lego:
568 4456 801 4516 muneretur.
1470 4469 1594 4529 ,gam
1642 4488 1646 4493 .
