3984 5167
82 589 88 684 r

82 692 87 870 l

708 152 1081 159 —-—--.—-.—.——.-.-...---

420 470 789 649 trena
852 496 1235 649 narnus.
1392 584 1472 674 137

273 755 393 831 locum
407 746 714 836 mediterraneum,
735 749 961 822 communire.
1011 746 1101 823 Erat
1128 749 1265 837 moles,
1291 764 1370 825 ante
1393 772 1467 823 onr-
1503 759 1587 821 rien,

276 876 337 926 noe
351 850 433 947 aliar
447 848 522 943 ejua
540 867 692 928 naturae,
704 842 844 939 infignis
855 894 867 929 ,
878 862 1047 939 tantaque
1062 844 1146 919 curi
1160 846 1203 917 ad
1218 844 1466 941 perfectionem
1502 835 1638 931 raging

276 948 396 1032 dutia,
421 964 462 1017 ut
481 964 525 1016 ex
546 961 645 1037 parte
657 942 704 1013 ad
717 942 865 1037 gloriam
875 993 888 1031 ,
907 938 949 1014 dt
970 939 1238 1015 ostentationem
1263 942 1465 1017 aedificatam
1498 930 1571 1051 22¹:

274 1037 697 1137 complurea'existiment.
1232 1055 1237 1064 ·
1493 1011 1624 1144 mgr*

320 1137 415 1215 XII.
440 1140 602 1211 Auriocus
616 1131 1464 1230 paulopostdiscellumexBelgio,filiamtenerae
1496 1150 1609 1211 Prom-

271 1237 404 1320 aetatit,
429 1233 556 1329 quaein
571 1230 1010 1325 curiiapudMargorttam
1025 1232 1185 1303 amicitiae
1199 1231 1300 1305 causa
1316 1231 1461 1323 agebat,
1497 1224 1568 1304 tiffer
1589 1236 1622 1293 li·

269 1335 315 1403 ἃᾶ
336 1331 370 1403 se
385 1350 464 1401 ante
478 1328 669 1397 adventum
691 1323 816 1403 Albani
834 1322 1012 1399 transferri
1028 1346 1182 1401 curarat:
1208 1326 1338 1401 Verium
1356 1326 1462 1401 filium
1496 1314 1570 1403 Ψ,
1590 1328 1635 1371 '‘-
1738 1322 1742 1331 '

1491 1402 1583 1461 ponas

269 1428 473 1518 Philippum,
498 1421 866 1507 tredecimannorum,
893 1415 1044 1493 Lovanii
1056 1420 1243 1497 studiorum
1255 1422 1355 1498 causa
1366 1442 1461 1496 com·
1495 1468 1610 1525 munire.

263 1539 465 1602 morantem
484 1516 534 1588 ibi
550 1517 756 1607 reliquerat,
781 1538 885 1610 quem
911 1514 991 1589 ciam
1009 1516 1151 1588 Albanus
1178 1516 1382 1613 presentem
1410 1522 1461 1593 in÷

271 1614 431 1700 veniffet,
440 1614 474 1684 in
483 1590 685 1705 Hispaniam
696 1608 816 1705 postea
830 1632 895 1705 per
904 1632 998 1683 mare
1015 1615 1193 1707 captivum
1209 1612 1310 1687 mifit·
1334 1612 1462 1690 Haste.

270 1735 359 1795 nur,
374 1728 552 1806 vquantum
574 1709 619 1780 ad
649 1729 720 1779 rem
746 1707 907 1780 bellicam
930 1708 1019 1781 nihil
1045 1708 1123 1802 post
1149 1700 1460 1805 acceptumaotiui

269 1808 384 1902 Belgii
398 1805 581 1901 imperium
598 1803 641 1875 ab
658 1802 791 1879 Albano
807 1800 967 1897 gestum,
991 1824 1233 1899 armorumque
1247 1806 1458 1903 principium
1492 1806 1617 1907 aarum

269 1904 359 1989 fult,
382 1904 519 1975 mittere
537 1898 644 1971 Carrio
660 1921 736 1971 nono
758 1898 970 1973 Francorum
987 1896 1106 1995 Regi,
1130 1904 1192 1995 qui
1217 1922 1303 1975 tunc
1336 1920 1458 1979 contra
1492 1902 1580 1985 nerto

268 2001 501 2094 Hugonottor
526 1993 646 2092 (quod
662 1992 712 2065 est
732 1994 783 2067 ibi
806 1996 1049 2069 hereticorum
1069 1999 1213 2090 vulgare
1236 1996 1454 2093 epitheton)
1491 1972 1596 2107 9¹⁴2!st
1674 2044 1677 2049 .

269 2097 402 2170 bellurn
427 2092 589 2191 gerebat,
615 2089 746 2165 auxilio
774 2093 910 2189 aliquot
933 2090 1091 2188 equitum
1122 2115 1269 2185 turmas,
1296 2090 1454 2169 Dudlore
1488 2066 1616 2187 {w'

271 2192 411 2267 Comitt
437 2192 649 2282 Arrnbergo,
672 2186 754 2259 viro
776 2184 880 2272 forti,
904 2210 945 2262 ac
976 2189 1127 2263 scientiae
1151 2191 1306 2263 militaris
1328 2192 1456 2287 perito.
1491 2208 1577 2280 1567.

266 2286 446 2402 Profediur
462 2284 511 2360 est
535 2278 598 2394 ille
612 2285 649 2357 in
665 2281 822 2392 Galliam·
843 2282 982 2397 decimi
992 2284 1207 2358 Novembris
1223 2288 1307 2359 anni
1321 2286 1456 2365 millesr·
1505 2336 1609 2419 1567·

251 2376 1456 2595 ‚lllilltlsstll¹,l¹alllllll⁰lpubal,{lllllgl

267 2600 460 2746 noqsquce
470 2572 1350 2765 ffdrao’curfflaerddlmffxldl'dldfflrldgsuffialddl'igdrddae
1365 2668 1457 2745 ultra

260 2767 429 2847 Rhenum
443 2765 619 2875 antiquam
637 2761 751 2835 sedern
774 2758 810 2834 se
834 2762 1058 2851 conmliffet,
1079 2765 1165 2839 nibil
1180 2767 1291 2842 minus
1306 2786 1420 2843 tamen
1441 2815 1454 2851 ,
1555 2793 1558 2803 ·

264 2866 372 2965 qu'am
385 2864 537 2961 quietem
554 2882 593 2932 m
608 2860 724 2932 animo
744 2859 895 2947 habens,
912 2858 1032 2956 quim'
1048 2861 1199 2956 primum
1225 2865 1327 2937 armis
1352 2883 1454 2957 agere

220 3046 233 3061 ,ἱ
262 2965 384 3059 coepit.
409 2960 449 3034 ld
465 2956 616 3056 primurn
631 2956 673 3030 ad
690 2951 825 3031 Mosam
833 2956 1034 3053 Trajeiiurn
1049 2958 1195 3038 ulterius
1211 2956 1455 3054 versus,quod
1489 2967 1606 3035 irrorare
1743 3045 1748 3055 ,

256 3059 508 3135 Mastrichtum
534 3056 642 3148 vulgo
666 3072 822 3139 vocant,
847 3072 1016 3129 tentatum
1039 3051 1120 3137 est,
1145 3052 1300 3131 collediis
1319 3059 1455 3153 aliquot
1488 3048 1557 3108 leur.

263 3156 379 3251 copiis
394 3156 493 3231 Duce
505 3148 689 3225 Dominoa
703 3147 895 3237 uranum,
905 3153 984 3245 quae
1002 3170 1115 3225 tamen
1128 3162 1259 3245 paucos
1271 3152 1351 3247 post
1360 3155 1453 3238 dies,

254 3274 378 3350 ,prope
405 3248 550 3327 barense
569 3247 809 3343 oppidulum,
833 3250 1067 3342 perdentium
1090 3250 1212 3319 Daoilu
1236 3244 1452 3343 Hispanum,

265 3353 381 3423 virum
403 3348 552 3434 fortem,
583 3349 629 3422 ed
656 3345 702 3417 ab
730 3344 854 3419 Albano
883 3344 1043 3417 celeriter
1068 3338 1232 3428 millum,
1256 3341 1454 3437 profligatae

264 3442 354 3515 sunt.
402 3444 483 3519 Nec
511 3444 570 3516 diu
590 3442 669 3538 post
690 3440 867 3514 Ludooicus
888 3437 1016 3525 frater,
1044 3441 1085 3511 ed
1104 3436 1188 3509 linet
1207 3440 1311 3511 etiarn
1336 3434 1453 3511 Prilia

260 3539 384 3635 paucis
405 3537 582 3631 primum,
614 3562 686 3610 non
713 3538 982 3611 contemnendis
1002 3531 1127 3628 postea
1153 3534 1264 3626 copiis
1287 3535 1454 3629 progredi

254 3637 394 3730 ‚eoepit,
428 3632 477 3703 ita
504 3654 545 3703 ut
577 3636 719 3707 corilus
744 3630 851 3705 fuerit
872 3630 1015 3701 Albanus
1029 3631 1084 3703 ed
1104 3630 1240 3703 mittere
1261 3628 1453 3725 Legionem

263 3729 455 3815 Sardiniae,
481 3751 527 3801 ex
546 3726 713 3821 Hispanis
722 3727 892 3821 praefeiio
912 3727 1052 3801 Gonzalo
1067 3726 1103 3797 dt
1120 3714 1336 3806 Bratdmontr.
1361 3722 1453 3795 Prae·

255 3849 337 3903 erat
356 3828 385 3899 F
388 3824 474 3897 risrae
491 3844 577 3898 tunc
592 3826 758 3918 temporis
778 3827 881 3895 eonas
900 3816 1169 3915 Artmltrgensst,
1195 3825 1358 3915 quicum
1384 3820 1454 3891 Hi·

261 3926 376 4018 spanis
393 3923 470 3995 aliis
485 3920 677 3998 militibus,
703 3919 822 4012 quiri
850 3939 992 4012 quoque
1017 3922 1053 3989 in
1071 3918 1258 3989 Provincia
1281 3918 1452 4013 agebant,

248 4042 343 4095 -curn
375 4018 474 4091 hoste
505 4010 700 4108 congreffus
728 4011 934 4102 infeliciter,
957 4013 1096 4091 fortiter
1122 4034 1236 4085 tamen
1292 4034 1450 4108 ugnans,

252 4112 464 4193 ,amiss'ofere
475 4108 716 4187 toto'exercitu
733 4106 910 4183 occubuit.
925 4108 1066 4183 Cecidit
1084 4131 1127 4183 eo
1137 4110 1245 4182 incon
1274 4092 1452 4189 idiuAdol·

676 4251 680 4259 ·
1374 4208 1455 4302 ptus

180 4328 193 4338 “
305 4332 324 4371 '¹
345 4333 433 4415 Quis
451 4327 531 4395 ille?
554 4326 665 4394 strada
686 4329 834 4406 scribit,
863 4311 989 4401 duceni
1012 4328 1131 4395 harum
1155 4326 1332 4413 copiarum
1356 4323 1452 4399 fuisse

266 4415 446 4484 Comitem
462 4410 736 4492 Hotlajlratonurn,
766 4411 960 4485 Vidc'Dec.
984 4412 1083 4483 1.lib.
1104 4430 1134 4499 7.
1155 4430 1232 4500 pag.
1250 4412 1363 4499 (otili)
1378 4410 1450 4493 381.

248 4545 254 4560 ·
314 4498 476 4575 Tornii.
525 4499 666 4572 Parsa.
974 4498 1001 4571 S
1074 4510 1080 4519 '
