3984 5167
555 540 644 669 '364
699 544 735 659 J.
763 542 811 637 Β.
840 552 913 633 uu
941 534 1193 637 TASSIS
1235 534 1624 635 COMMENT.

408 742 510 825 1579·
557 792 586 843 „
607 762 683 820 rum
698 741 801 815 etiam
816 735 879 812 sub
891 760 959 836 qua
976 737 1162 813 earundem
1178 731 1306 808 subditi
1322 734 1409 807 olim
1427 755 1607 831 tantopere
1623 730 1751 812 florue-

558 892 587 940 „
608 856 710 929 runt,
735 838 773 914 &
797 837 917 932 inqua
943 857 1014 908 tam
1043 836 1171 909 dietam
1189 831 1295 906 Suam
1314 831 1533 927 Majestatem
1553 832 1657 927 quim
1686 856 1753 907 σε·

559 987 588 1035 ,,
608 957 704 1019 teror
718 936 796 1009 suos
814 931 1101 1028 praedecessores,
1125 932 1209 1003 olim
1228 925 1426 1002 Provinciis
1451 931 1675 1024 inauguratos
1692 929 1755 1003 'so-

557 1083 586 1131 „
607 1032 716 1107 lemni
729 1031 953 1128 jurejurando
970 1031 1013 1101 in
1030 1028 1213 1121 Principes
1237 1021 1416 1121 supremos
1442 1028 1481 1103 dr
1508 1029 1681 1101 naturales
1699 1050 1755 1102 re·

558 1179 589 1228 „
609 1150 733 1226 ceptor
757 1124 876 1210 inille,
900 1125 1076 1200 manifeste
1092 1124 1234 1197 constat.

605 1276 635 1319 „
658 1222 751 1313 Quae
777 1224 917 1320 quidem
946 1220 1139 1318 supradicta
1162 1218 1321 1313 Religio,
1346 1218 1484 1292 exclusa
1508 1220 1632 1314 quavis
1657 1219 1750 1307 aba,

559 1373 589 1422 ,‚
609 1323 739 1409 libere,
763 1316 913 1416 pacifice
937 1317 974 1392 ἂ
990 1316 1120 1414 absque
1143 1316 1217 1388 ullo
1240 1317 1492 1409 impedimento
1514 1318 1630 1390 ubivis
1656 1317 1753 1391 loco·

561 1438 687 1516 „rum
713 1440 777 1513 per
796 1416 971 1490 universas
999 1416 1146 1487 ditiones
1175 1410 1335 1507 Belgicae
1358 1412 1504 1507 posthac
1533 1411 1687 1485 tradetur
1710 1434 1751 1485 ac

559 1565 588 1612 „
610 1512 844 1599 exercebitur,
869 1532 978 1609 prout
1004 1512 1108 1585 etiam
1120 1506 1275 1582 Ordines
1284 1506 1444 1581 Statuum
1454 1506 1536 1582 Snae
1554 1507 1750 1603 Majestad,

559 1660 589 1708 „
610 1633 683 1693 non
699 1612 813 1682 minus
835 1630 940 1702 quam
959 1625 1038 1680 ante
1068 1606 1186 1679 turbas
1207 1601 1414 1698 praesentes,
1437 1601 1679 1698 frequentibus
1695 1604 1754 1677 lit·

470 1790 474 1797 .
558 1755 588 1803 ,‚
609 1708 690 1781 teris
703 1702 737 1777 se
753 1702 907 1799 paliuros
931 1703 969 1778 dc
995 1723 1242 1799 procuraturos
1266 1698 1451 1783 addixere,
1478 1701 1517 1775 δι
1541 1697 1626 1773 ficut
1648 1698 1753 1772 etiarn

559 1850 589 1896 „
608 1805 678 1896 jam
694 1800 827 1896 pridem
843 1797 1008 1894 scripsere
1028 1802 1072 1873 ad
1087 1799 1190 1871 Suam
1201 1794 1413 1893 Majestatem
1435 1797 1672 1890 imperialem,
1696 1816 1753 1868 at·
1880 1893 1881 1896 Ἴ

559 1944 589 1993 ,,
610 1920 680 1994 qne
698 1896 786 1970 adeo
809 1896 907 1991 quod
931 1894 1058 1989 absque
1079 1896 1179 1990 gravi
1206 1913 1310 1978 nota,
1335 1916 1379 1965 ne
1406 1891 1521 1966 dicam
1553 1888 1754 1965 confusione
1880 1929 1881 1934 =

559 2042 590 2091 „
610 1991 762 2069 universi
779 1991 883 2066 status
908 1992 1064 2088 politici,
1090 1990 1181 2065 haud
1206 1988 1329 2086 polfint
1354 1989 1391 2060 in
1414 2010 1451 2062 re
1475 1989 1564 2064 tanti
1587 1990 1755 2063 momenti
1880 1996 1881 2020 ¹

560 2134 590 2187 „
610 2110 677 2189 pro
705 2090 764 2161 rils
786 2087 921 2182 scriptis
939 2088 1009 2161 ulla
1029 2107 1187 2184 exparte
1210 2086 1463 2159 contravenire.

608 2234 638 2279 „
694 2182 788 2257 ClX.
822 2184 1014 2259 Enimvero
1038 2205 1171 2270 tamen,
1196 2180 1299 2277 siqui
1315 2180 1532 2256 subditorum
1548 2183 1609 2256 vel
1625 2180 1755 2257 incola·

561 2332 591 2379 „
612 2306 687 2355 rum
707 2277 887 2359 occalione
907 2277 1114 2354 diversitatis
1142 2278 1202 2354 seu
1229 2281 1461 2353 contentionis
1486 2278 1604 2375 (prob
1628 2282 1753 2368 dolor)

561 2426 590 2473 „
612 2377 778 2453 suscitatae
793 2380 886 2453 circa
904 2374 1175 2453 uniformitatem
1191 2372 1405 2471 Religionis,
1429 2378 1489 2449 vel
1509 2379 1574 2449 alia
1592 2377 1766 2473 quapiam.

561 2525 590 2571 „
612 2494 686 2548 tum
721 2472 822 2547 limili
867 2496 943 2550 tum
1001 2471 1147 2545 dillimili
1183 2473 1228 2546 de
1270 2470 1369 2545 caulb
1411 2468 1513 2545 distis
1559 2468 1754 2547 Provinciis

562 2618 591 2665 „
613 2572 822 2668 quandoque
837 2573 1005 2645 excedere
1024 2570 1190 2665 cupient,
1215 2565 1286 2641 Sua
1297 2565 1468 2663 Majestas'
1483 2568 1662 2664 permittet
1685 2570 1756 2641 boc

562 2716 592 2763 „
614 2668 758 2743 cuilibet
775 2669 919 2741 liberum
944 2665 1048 2752 fore,
1079 2666 1217 2759 integro
1249 2665 1477 2761 quadriennio
1508 2661 1755 2761 subsequente,

561 2810 591 2857 „
613 2765 804 2838 dummodo
818 2766 946 2837 interea
972 2762 1175 2857 temporisi
1198 2758 1363 2837 scandalis
1384 2782 1426 2833 ac
1443 2783 1559 2834 rerum
1577 2761 1755 2858 perturba·

562 2906 591 2954 ,‚
614 2862 708 2934 tione
730 2858 934 2934 abstineant:
960 2862 1033 2956 quo
1055 2857 1135 2930 casu
1156 2859 1259 2930 etiam
1276 2856 1451 2931 liberrime'
1469 2856 1628 2937 fruentur
1647 2856 1755 2931 omni·

563 3002 593 3047 „
612 2955 678 3027 bns
693 2952 768 3028 suis·
784 2956 885 3029 bunis
901 2972 970 3026 tarn
986 2952 1173 3028 mobilibus
1194 2976 1297 3050 quarn
1319 2954 1575 3036 immobilibus,
1599 2956 1755 3049 juribus,

563 3098 594 3145 „
615 3046 897 3145 adilonibusque,
922 3050 1143 3145 &poterunt
1172 3072 1213 3125 ea
1238 3046 1312 3143 ipsa
1330 3051 1597 3146 qualiacumque
1626 3048 1758 3125 suerint

562 3145 799 3238 „etiamalio
823 3144 1029 3228 transferre,
1053 3144 1110 3218 seu
1128 3146 1299 3232 vendere,
1324 3166 1389 3230 aut,
1405 3148 1573 3232 alienare,
1598 3148 1757 3243 prontiiu

562 3291 592 3337 ,‚
612 3240 812 3328 videbitur,
835 3240 960 3315 imo&
980 3242 1050 3315 hoc
1067 3242 1236 3333 amplius,
1251 3238 1276 3312 fi
1300 3242 1406 3313 modo
1425 3242 1518 3314 bona
1533 3241 1590 3316 sua
1607 3246 1758 3319 retinere

563 3387 593 3435 ‚‚
615 3338 756 3424 malint,
780 3341 883 3412 etiam
913 3356 1080 3434 poterunt
1100 3336 1256 3414 absentes
1282 3339 1326 3409 ad
1355 3342 1556 3411 eorumdem
1584 3342 1758 3414 bonorum

562 3482 592 3530 „
614 3433 940 3507 administrationem
958 3435 1261 3528 &receptionem
1285 3434 1321 3505 in
1336 3434 1532 3507 Provinciis
1549 3434 1613 3508 fibi
1630 3440 1760 3533 eligere

564 3577 593 3623 „
617 3526 819 3617 Quaestores
838 3529 1063 3617 Catholicos,
1088 3529 1354 3626 qualescumque
1371 3534 1512 3614 volent,
1531 3554 1572 3605 ac
1586 3555 1759 3629 praererea

562 3625 903 3722 „quotiescumque
935 3626 1111 3700 voluerint
1137 3629 1180 3699 ad
1216 3621 1418 3699 Provincias
1453 3629 1581 3701 iterum
1623 3629 1758 3714 redire,

563 3771 592 3818 „
614 3718 743 3796 vidiuri
757 3742 869 3795 tamen
897 3722 1020 3793 ritibus
1044 3724 1081 3796 δι
1100 3722 1251 3793 moribus
1271 3721 1439 3815 pristinis,
1466 3722 1504 3797 dr
1527 3748 1567 3797 ut
1594 3724 1762 3819 personas

564 3866 593 3913 „
616 3816 819 3892 Catholicae
835 3818 960 3909 decet,
985 3819 1121 3914 eritque
1140 3816 1307 3911 ejusmodi
1323 3815 1454 3891 reditus
1472 3844 1512 3894 ac
1529 3818 1679 3895 facultas
1694 3822 1759 3893 bo·

564 3964 593 4009 „
615 3936 660 3987 na
673 3913 931 3987 administrandi
958 3935 1022 4007 per
1039 3915 1072 3987 se
1091 3913 1237 3987 cuilibet
1254 3914 1347 3987 bona
1373 3915 1443 3988 fide
1472 3914 1670 4011 permissus,
1694 3915 1760 3990 lla·

564 4057 593 4103 „
614 4010 676 4082 tim
693 4012 753 4084 ubi
764 4006 984 4097 Pastoribns,
996 4008 1189 4098 Officlatis,
1202 4033 1243 4083 ac
1255 4009 1314 4082 Mu
1341 4010 1695 4095 istratibuslocorum,
1710 4012 1760 4085 ad

563 4151 594 4199 ,‚
612 4126 693 4269 quae
721 4106 832 4178 redire
853 4108 1015 4202 cupient,
1040 4107 1118 4178 ralis
1142 4107 1289 4179 intentio
1315 4036 1358 4178 {i
1381 4110 1545 4181 voluntas
1574 4108 1761 4205 fignificata

562 4247 593 4294 „
631 4200 728 4301 uerit.
779 4200 835 4273 Ex
880 4226 922 4275 ua
943 4202 1085 4300 quidem
1110 4200 1223 4299 Regia
1241 4201 1456 4298 indulgentia
1479 4206 1567 4278 nulli
1592 4228 1657 4279 non
1677 4228 1764 4300 per·

560 4341 591 4395 7,
612 4316 715 4391 quam
731 4227 945 4372 manisebum
970 4298 1147 4388 redditur,
1172 4301 1269 4393 qnod
1290 4298 1364 4373 Sua
1387 4297 1546 4396 Majestas
1570 4304 1765 4377 nilminus

559 4438 588 4490 „
610 4413 714 4490 quan
736 4390 909 4497 bonorum
933 4392 1222 4490 confiscationes,
1256 4398 1392 4482 ruinam
1412 4395 1451 4474 dc
1469 4400 1663 4497 perniciem
1684 4397 1763 4469 sno-

1635 4544 1662 4597 „
1684 4512 1767 4570 rum
