3984 5167
383 497 678 591 LIBER
737 495 1226 646 OCTAVUS.
1346 530 1428 630 535⁷
1578 622 1584 631 ι

244 736 267 775 ,,
293 696 359 771 nis.
397 693 472 786 Iam
503 690 590 765 verd
627 710 761 765 mutato
785 712 901 765 rerum
919 684 1007 761 statu
1031 690 1068 763 in
1087 686 1207 764 Gallia
1238 692 1352 768 nostra
1369 696 1431 768 im·
1485 720 1588 797 1593.

241 834 266 872 ‚‚
290 790 357 887 piis
387 790 631 863 haereticorum
657 786 834 861 furoribus
862 786 978 858 omnia
1001 783 1259 870 miscerentur,
1285 814 1356 863 non
1382 794 1429 865 est

203 899 207 905 '
241 929 265 966 „
311 884 403 967 allus
423 883 728 971 Clementiliimus,
754 906 794 956 ac
812 880 1136 955 misericordilhmus
1156 880 1358 971 Dominus,
1391 909 1430 961 ut

239 1025 263 1060 n
288 909 371 1077 dupli
406 980 666 1068 collideremur,
688 978 747 1053 sed
770 978 970 1073 supponens
993 1000 1135 1050 manum
1161 977 1272 1063 suam,
1298 980 1431 1075 Regem

240 1119 264 1156 n
289 1078 441 1151 vestram
459 1074 683 1149 Catholicum
699 1072 892 1161 excitavit,
916 1075 979 1168 qui
998 1074 1142 1149 vicilirnt
1157 1076 1260 1150 nobis
1281 1075 1318 1145 in
1335 1078 1431 1151 tanti

238 1215 261 1253 a
287 1196 403 1247 rerum
435 1170 626 1245 neceffitate
651 1195 674 1242 o
702 1172 893 1243 italaretur.
942 1168 992 1242 Et
1019 1172 1176 1245 maximia
1205 1171 1345 1265 quidem
1366 1194 1432 1245 noa

236 1312 260 1347 η
286 1268 452 1367 periculis
474 1266 635 1341 liberavit
695 1287 739 1337 ex
758 1262 985 1350 Catholicae,
1011 1264 1186 1341 Catholici
1213 1271 1355 1342 nomine
1380 1269 1431 1341 di·

234 1406 260 1445 „
285 1363 469 1461 gniffimut.
492 1360 591 1437 Vere
609 1360 702 1435 enim
720 1359 925 1433 Catholicae
944 1357 1132 1435 censendus
1149 1359 1220 1447 est,
1240 1363 1301 1459 qui
1312 1364 1429 1459 Hispa·

236 1502 261 1541 ‚‚
286 1463 346 1533 aiis
370 1455 535 1533 universis
553 1454 747 1531 Catholicis
763 1458 931 1550 imperat,
956 1453 1056 1549 cujaa
1075 1454 1200 1551 Regna
1214 1456 1347 1553 fingula
1369 1482 1429 1533 ne·

236 1598 261 1635 a
286 1578 344 1629 mo
367 1576 447 1629 ante
461 1550 597 1649 ipsum,
620 1575 661 1629 ac
687 1574 729 1624 ne
749 1554 885 1631 Romani
902 1552 1044 1648 quidem
1059 1550 1123 1648 ipli
1141 1575 1210 1627 tam
1226 1559 1351 1649 pacate
1365 1556 1429 1627 ab·

237 1693 261 1731 »2
287 1654 476 1725 tinuerunt.
521 1647 617 1725 Vere
644 1647 875 1735 Catholicus,
900 1650 960 1742 qui
985 1645 1092 1720 fidem
1119 1646 1338 1725 Catholicam
1361 1649 1429 1723 suit

236 1790 261 1827 η
285 1770 358 1819 aaa
374 1746 481 1820 modo
496 1748 534 1819 ia
549 1744 664 1831 terris,
684 1742 744 1817 sed
760 1742 796 1815 δι
814 1746 850 1817 in
867 1746 1017 1819 externit
1026 1739 1160 1838 Regnit
1171 1765 1293 1820 contra
1307 1769 1429 1821 omnes

235 1886 262 1923 n
289 1840 484 1929 Tartarum,
509 1842 546 1915 δι
574 1839 834 1918 Haereticorurn
863 1840 1014 1935 impetus
1050 1836 1305 1914 defendendam
1338 1841 1427 1929 libi,

235 1982 261 2018 n
285 1934 646 2033 propugnandamqae
673 1934 868 2031 proposuit.
918 1935 1017 2029 Quin
1042 1931 1081 2007 δι
1099 1939 1256 2010 omnium
1271 1940 1428 2035 primus,

235 2078 260 2113 n
287 2030 529 2118 Christianos,
552 2032 770 2128 quitatione
795 2029 858 2127 ipsr
877 2029 998 2103 Tartar
1021 2029 1252 2127 superarent,
1286 2030 1350 2107 suo
1368 2056 1428 2107 ex·

235 2172 262 2213 η
287 2130 404 2225 emplo
419 2128 572 2203 edocuit.
597 2126 691 2202 Vere‘
716 2129 939 2214 Catholicae,
964 2127 1025 2222 qui
1051 2128 1096 2199 ad
1119 2149 1290 2202 extremae
1318 2128 1426 2225 usque

235 2267 261 2307 ‚r
286 2226 406 2299 maadi
421 2246 536 2319 partes
553 2246 632 2299 ante
652 2220 801 2297 nostram
819 2244 955 2295 aetatem
975 2224 1186 2318 incognitae,
1204 2224 1425 2320 Religionem

235 2364 261 2405 ,‚
287 2319 507 2394 Catholicam
523 2318 764 2414 publicandam
781 2317 1132 2412 diliemiaandamque
1148 2322 1295 2391 curavit.
1315 2320 1427 2416 Cujus

171 2428 179 2439 ‘
235 2460 260 2497 η
285 2418 432 2490 virtutes
458 2415 620 2504 eximias,
640 2415 939 2509 egregiumquein
955 2412 1110 2502 tuenda,
1134 2410 1173 2486 dt
1199 2417 1427 2512 propaganda

234 2557 260 2595 ‚‚
285 2507 353 2585 fide
373 2510 440 2583 zeli
459 2510 637 2590 ardorem,
663 2510 739 2604 quis
765 2530 837 2581 non
865 2504 989 2581 efferat
1015 2508 1196 2596 laudibus,
1221 2533 1293 2583 non
1313 2530 1427 2595 amet,

237 2650 262 2687 ‚‚
287 2630 359 2680 non
373 2604 590 2679 admiretur?
617 2604 792 2679 Laudetur
806 2602 1056 2697 saneTtajanar
1073 2603 1266 2698 Imperator
1290 2630 1335 2681 ex
1363 2611 1428 2681 Hi·

237 2746 263 2784 ,ι
281 2698 395 2797 spaaid
410 2700 598 2788 oriundus,
623 2701 661 2777 dt
679 2700 791 2773 Patria
814 2696 941 2772 Patriae
969 2699 1072 2773 titulo
1099 2698 1305 2791 decoretur,
1332 2700 1427 2798 quod

236 2840 263 2880 a
286 2802 379 2874 inre
398 2798 522 2869 miltari
546 2796 785 2893 diligentiam,
807 2796 844 2867 in
872 2794 1009 2868 civibus
1028 2795 1230 2883 lenitatem,
1254 2796 1290 2869 in
1317 2796 1427 2871 suble·
1459 2800 1463 2811 ’

199 2917 203 2923 ·
238 2936 263 2973 a
287 2893 411 2970 vaadis
428 2892 629 2967 civitatibus
649 2892 867 2987 largitionem
886 2892 1071 2964 maximam
1087 2892 1307 2982 exhibuerit,
1333 2894 1428 2971 &ea

237 3032 262 3069 n
288 2988 359 3063 duo
376 2986 418 3064 fit
438 2985 665 3074 consecutus,
691 3011 770 3082 quae
795 2987 832 3059 in
844 2988 988 3081 egregiis
1008 2984 1226 3082 Principibus
1247 2994 1427 3086 requirun-

235 3129 260 3167 n
286 3106 369 3172 tur,
393 3082 605 3160 sanctitatem
623 3082 750 3171 Domi,
774 3079 1015 3157 fortitudinem
1031 3084 1066 3155 in
1085 3085 1215 3173 annia,
1239 3089 1426 3181 utrobique

239 3224 262 3262 η
287 3181 519 3278 prudentiam.
546 3178 724 3253 Laudetur
744 3201 1036 3275 magnusqaoque
1052 3181 1111 3253 ille
1128 3178 1306 3275 haustus
1323 3204 1428 3276 gene·

236 3322 260 3357 η
284 3300 323 3351 re
339 3300 482 3373 quoque
504 3280 692 3370 bdspanus,
727 3270 765 3349 δι
792 3274 1012 3371 Reipublicae
1033 3275 1275 3369 propagator,
1308 3274 1428 3350 defea-
1451 3263 1477 3359 ἓ

237 3414 261 3451 η
285 3371 407 3468 larque
426 3371 792 3468 proclametur,quod
803 3372 952 3450 Haanas,
969 3371 1006 3444 δι
1022 3372 1239 3464 Garrh05,qui
1261 3394 1336 3444 eam
1362 3372 1429 3444 sub

236 3508 260 3547 a
286 3468 419 3543 Valente
432 3467 682 3562 defatigarent,
699 3466 842 3541 diversas
853 3465 982 3559 praeliis
990 3465 1141 3547 vicerit,
1157 3466 1339 3539 Maximam
1349 3469 1428 3563 Ty·

236 3604 261 3641 n
285 3585 450 3648 rannum,
476 3564 537 3656 qui
563 3565 752 3636 Gratianum
785 3556 1036 3642 interfecerat,
1069 3558 1201 3656 libique
1236 3563 1365 3639 Gallicis
1406 3565 1428 3604 *
1467 3570 1593 3649 *Legae

238 3670 269 3739 η’
286 3657 511 3743 vindicabat,
538 3658 632 3751 apud
657 3658 834 3749 Apuleyam
852 3656 1066 3730 extinxerit:
1109 3658 1261 3733 matrem
1281 3682 1427 3755 qaoque
1471 3646 1597 3711 ⁶³¹³&

105 3776 106 3783 ¹
237 3797 262 3833 η
286 3758 357 3828 e'ua
388 3752 516 3835 filium,
541 3752 630 3825 intra
650 3752 808 3825 infantiae
823 3772 931 3827 annos
951 3752 1167 3827 dMaaimino
1185 3774 1286 3849 patre
1305 3759 1427 3850 Augu»

236 3892 260 3927 a
286 3780 376 3925 dum
396 3846 525 3919 factum
545 3851 750 3935 necaverit,
775 3848 1008 3942 argentumque
1031 3869 1238 3941 tyrannum,
1261 3850 1300 3924 ἃ
1324 3854 1428 3946 Arga·

237 3990 261 4025 t,
285 3944 402 4043 hastam
425 3940 623 4037 superavit,
648 3944 771 4017 deletis
792 3966 913 4016 eorum
936 3947 1059 4019 decern
1081 3944 1233 4019 millibus
1254 3968 1427 4041 pugnato·

235 4084 259 4129 υ
284 4064 374 4117 rum.
410 4038 593 4113 Habeatur
609 4038 691 4111 Rex
717 4042 877 4133 egregius
896 4038 1108 4111 Ftrdinandas
1134 4042 1362 4135 quiMaartr,
1387 4044 1431 4119 dc

236 4178 259 4213 a
284 4138 414 4303 gadars
442 4130 506 4207 fibi
530 4132 722 4221 subditos,
756 4157 816 4209 aut
840 4130 1004 4226 IIispania
1033 4132 1159 4209 finibus
1182 4138 1330 4231 egredi,
1365 4160 1430 4213 ant

237 4272 260 4329 p
312 4232 389 4307 dem
408 4228 627 4307 Catholicam
643 4228 801 4327 profiteri
818 4231 949 4325 coegit.
967 4228 1126 4314 Ornetur
1143 4234 1301 4308 laudibus
1311 4238 1430 4310 Maxi·
1581 4270 1584 4274 ·

235 4369 262 4419 a
285 4328 428 4405 adlatas
454 4326 648 4433 Catholitae
664 4324 745 4411 Sua
778 4326 971 4427 Maiestatis
1001 4326 1153 4420 abarum
1176 4330 1239 4429 qui
1261 4328 1430 4413 eterna,

1297 4468 1326 4507 n
1345 4444 1434 4500 num
