3984 5167
560 560 644 658 370
691 528 737 655 J.
766 534 812 629 n.
849 553 921 630 uu
957 508 1205 633 Tussis
1240 508 1638 634 conruunt,

305 780 310 813 t
408 728 511 844 1379·
559 780 583 820 n
601 714 887 837 ¹proviso‘tamen
926 728 1177 827 uodejurnodi
1196 730 1337 830 spoliati
1353 732 1468 807 denuo
1481 732 1598 811 redint
1682 736 1762 834 ndi,

559 879 584 918 η
609 834 822 910 tenebuntur
836 852 911 926 prae
942 829 1256 925 arejuramentum,
1268 832 1366 929 cujus
1382 835 1418 904 in
1433 833 1598 928 proximo
1624 839 1765 928 equenti

559 976 584 1015 ‚,
608 931 757 1006 articulo
776 929 817 1003 lit
831 932 985 1015 mentio,
1009 949 1118 1023 prout
1136 926 1261 1004 facturi
1275 952 1424 1023 ‘quoque
1444 930 1565 1004 caeteri
1587 932 1631 1003 ad
1651 942 1761 1009 novas
1882 1023 1883 1026 Ἴ

558 1028 800 1111 „functiones
827 1022 1003 1103 &officia
1028 1024 1253 1120 imposterum
1280 1026 1503 1120 cooptandi‚
1540 1030 1762 1117 revocando,
1882 1029 1883 1070 ³

559 1156 584 1207 5,
609 1124 788 1211 cassando,
816 1124 854 1198 &
878 1124 1110 1209 annullando,
1130 1122 1302 1291 (putidquid
1324 1123 1506 1198 hincinde
1523 1120 1676 1217 fastum,
1704 1125 1763 1201 de·
1883 1143 1884 1150 ’

558 1264 584 1304 n
610 1238 766 1302 cretum,
787 1222 1123 1319 pronuntiatumque
1180 1224 1247 1295 erit
1262 1223 1298 1293 in
1319 1222 1544 1295 contrarium.

609 1364 633 1399 „
660 1318 789 1393 cxlx.
813 1315 914 1391 Nulli
933 1316 1162 1389 admittentur
1184 1319 1228 1391 ad
1253 1318 1324 1390 ulla
1349 1315 1602 1413 gubernacula·
1616 1313 1762 1393 Provin·

559 1459 584 1497 ,‚
609 1418 761 1502 ciarum,
784 1415 985 1499 civitatum,
1005 1413 1215 1499 castrorum,
1232 1413 1272 1488 dt
1288 1415 1440 1503 arcium,
1466 1412 1761 1509 Capitoneatus&

559 1554 585 1593 „
611 1510 1004 1591 Praeledurasmilitum,
1013 1532 1079 1583 nec
1095 1512 1139 1581 ad
1148 1508 1300 1584 Confilia
1310 1530 1425 1583 rerum
1434 1508 1567 1596 Status,
1578 1505 1760 1587 Privatum

558 1652 584 1689 n
609 1607 871 1695 Financiarutn,
897 1608 1030 1700 aliaque
1059 1601 1175 1680 officia
1198 1610 1336 1703 majoris
1356 1608 1685 1702 momenti,praeter
1704 1632 1762 1683 na·

558 1748 584 1785 n
609 1710 740 1780 turales
759 1705 908 1787 Patria,
928 1704 989 1797 qui
1003 1704 1108 1777 etiam
1123 1723 1204 1779 ante
1221 1706 1484 1798 receptionem,
1510 1706 1602 1777 ultra
1616 1705 1761 1799 antiqua

557 1843 583 1882 n
609 1802 647 1877 δι
677 1798 841 1874 consueta
861 1799 1085 1895 juramenta,
1127 1796 1218 1895 Regi
1244 1820 1420 1896 tamquam
1448 1822 1572 1874 eorum
1604 1796 1761 1896 Principl
1883 1815 1884 1846 l

557 1940 582 1979 ,‚
609 1897 757 1971 naturali
774 1896 924 1991 praestari
941 1894 1065 1983 solita,
1090 1892 1288 1975 solemniter
1303 1900 1470 1992 jurabunt
1484 1899 1521 1971 in
1540 1898 1607 1969 hos
1631 1899 1762 1971 articu-

556 2034 583 2074 η
607 1995 678 2082 los,
703 1992 831 2089 eosque
845 1996 1053 2087 promittent
1068 1989 1243 2081 fideliter,
1276 1988 1476 2087 sincereque
1493 1991 1679 2069 observare
1695 1992 1760 2069 snb

555 2131 581 2169 η
606 2090 712 2188 poeui
728 2090 889 2185 perjurii,
914 2085 952 2160 δι
971 2082 1145 2184 tamquam
1167 2092 1253 2162 tales
1268 2091 1451 2187 puniendi.

607 2228 631 2265 n
658 2184 767 2261 CXX.
794 2184 948 2279 Captivi,
964 2183 1143 2281 utriusq'ue
1165 2186 1277 2283 partis
1308 2210 1449 2273 ornnes,
1475 2187 1536 2282 qui
1569 2186 1618 2260 ob
1647 2186 1762 2263 duos

556 2326 583 2364 n
608 2285 778 2357 tumultus
795 2283 911 2356 adhuc
929 2280 1155 2368 detinentur,
1180 2280 1294 2355 statim
1325 2284 1364 2358 dt
1392 2280 1522 2380 absque
1543 2286 1618 2359 ullo
1644 2288 1760 2379 pretio

556 2422 583 2461 ‚‚
608 2380 879 2464 relaxabuntur,
912 2377 951 2451 nl
981 2377 1050 2469 iam
1074 2379 1120 2455 de
1142 2402 1186 2455 eo
1211 2380 1308 2455 aliud
1335 2377 1441 2455 fuerit
1472 2390 1686 2457 conventum
1717 2376 1757 2455 ἀ

542 2516 582 2557 -n
608 2476 870 2552 concordatum.

605 2616 630 2655 n
657 2572 785 2648 CXXI.
813 2574 918 2645 Comes
942 2570 1093 2657 Buranun
1120 2567 1188 2645 sttae
1213 2570 1369 2647 libertati
1396 2594 1436 2645 ac
1458 2566 1586 2647 Patriae
1608 2572 1759 2649 restitue

556 2713 582 2749 η
607 2691 665 2745 tur
682 2692 786 2767 quam
808 2664 963 2743 citilstme'
992 2666 1071 2747 fieri
1103 2665 1247 2763 poterit.
1298 2666 1338 2740 ln
1365 2668 1625 2745 difficultatibus
1662 2667 1760 2743 Prin·

556 2808 582 2846 n
607 2770 723 2865 cipem
746 2768 920 2841 Aerarium
947 2766 1240 2839 concernentibus
1267 2766 1558 2853 reconciliandis,
1584 2767 1664 2863 post
1690 2769 1759 2861 ple·

557 2904 582 2941 n
608 2866 739 2939 niorern
752 2885 869 2937 earum
880 2859 1173 2946 informationem,
1197 2864 1310 2937 omnis
1323 2863 1503 2959 diligentia
1522 2863 1757 2937 adhibebitur.

609 3002 632 3037 η
660 2956 808 3031 cxxu.
828 2956 1275 3051 Decreta,disposrtiones,
1302 2958 1340 3032 δι
1357 2960 1593 3034 ordinationes
1608 2958 1758 3055 perDo·

556 3095 581 3132 n
606 3056 737 3127 minum
764 3052 1001 3127 Archiducem
1031 3055 1232 3138 Manlium,
1273 3052 1418 3150 suosque
1453 3057 1696 3141 collaterales,
1720 3054 1759 3128 dt

556 3193 582 3231 n
608 3150 762 3229 Ordines
778 3148 960 3233 Statuam,
986 3148 1007 3225 l
1025 3172 1184 3245 tempore
1208 3152 1404 3224 ultimarum
1422 3153 1601 3225 turbarum
1619 3153 1760 3233 nomine

558 3288 583 3327 n
609 3244 717 3345 Regis
736 3262 922 3333 emanatae,
948 3266 1016 3342 pro
1031 3248 1191 3340 legitimis
1209 3249 1246 3323 &
1262 3247 1387 3323 validis
1404 3249 1646 3326 habebuntur,
1665 3244 1756 3321 suos·

558 3386 582 3422 η
608 3370 677 3441 que
694 3344 829 3419 debitos
845 3342 1029 3416 sortientur
1045 3342 1187 3419 effeetus
1205 3334 1319 3443 quoad
1338 3345 1524 3426 beneficia,
1551 3346 1758 3439 dignitates,

557 3468 582 3521 n
607 3440 745 3527 officia,
771 3463 829 3515 aut
845 3443 926 3515 alias
948 3440 1123 3535 quospiam
1152 3462 1228 3526 res,
1254 3464 1334 3536 quae
1358 3439 1469 3515 solent
1493 3438 1557 3514 eise
1577 3442 1760 3537 potestatis

555 3578 580 3615 n
607 3561 647 3611 ac
666 3534 897 3631 dispositionis
926 3536 1112 3636 ordinariae
1138 3538 1300 3623 illorum,
1323 3540 1385 3632 qui
1411 3557 1531 3611 tenent
1557 3539 1676 3613 locunt
1693 3560 1759 3635 gu·

556 3676 582 3711 ι,
606 3634 799 3709 bernatoris
818 3634 987 3707 diffluum
1004 3632 1291 3719 provinciarum,
1316 3656 1385 3707 non
1406 3655 1519 3707 autem
1536 3636 1573 3707 in
1592 3638 1654 3717 iis,
1680 3655 1762 3729 quae

558 3772 582 3809 υ
607 3734 763 3828 propriae
781 3730 937 3825 personae
961 3728 1069 3825 Regis
1085 3729 1322 3815 reservantur,
1348 3751 1409 3803 aut
1428 3728 1452 3803 st
1472 3752 1553 3825 quae
1575 3730 1667 3805 ludia
1680 3732 1762 3803 sunt

557 3868 582 3907 n
608 3826 844 3921 contraJura,
870 3824 1112 3925 privilegia&
1132 3824 1529 3921 immunitatespatrias,
1553 3846 1622 3903 tam
1644 3828 1682 3899 in
1699 3851 1763 3921 ge-

558 3965 583 4001 „
608 3927 717 3999 uenali
744 3948 848 4093 puam
865 3927 900 3999 in
927 3922 1150 4019 particulari,
1176 3927 1331 4021 alioquin
1362 3928 1465 3998 etiam
1486 3928 1523 3997 in
1548 3926 1654 4002 ullius
1671 3922 1763 4018 inju-

559 4061 584 4098 n
609 4024 719 4107 riam,
760 4046 803 4093 eu
822 4022 1068 4096 detrimentum
1090 4023 1326 4098 redundarint.

609 4160 633 4195 η
658 4116 826 4192 CXXIII.
853 4114 985 4193 Pariter
1013 4120 1116 4193 etiam
1141 4120 1374 4212 quarumlibet
1396 4118 1533 4192 urbium
1558 4117 1761 4192 &aliorum

503 4216 507 4223 ’
560 4208 796 4301 diocorum,
819 4206 1037 4312 magistra'tus
1055 4215 1112 4287 seu
1129 4214 1285 4291 officiarii
1312 4212 1379 4288 suis
1403 4212 1637 4289 funilionibus
1655 4210 1766 4285 desti·

559 4348 584 4387 a·
609 4308 699 4399 tuti,
724 4311 790 4386 alia
812 4310 869 4385 via
888 4332 929 4385 ac
951 4312 1090 4385 ratione
1114 4332 1217 4405 quam
1249 4310 1336 4408 juris
1362 4312 1486 4387 ordine
1512 4311 1668 4407 legitime
1692 4306 1763 4381 ser·

557 4424 712 4515 inarato,
747 4422 808 4486 aut
835 4407 920 4491 alias
952 4428 1074 4489 contra
1099 4403 1290 4508 Pririlegia
1316 4407 1487 4489 diturum
1518 4408 1656 4485 urbium
1653 4424 1761 4579 &pp

1580 4556 1606 4597 u
1629 4525 1651 4602 P
