3984 5167
358 516 656 614 LIBER
721 520 1247 659 SEPTIMUS.
1333 444 1431 643 a73,

223 709 340 788 casum
375 709 544 797 subiisset,
581 716 618 788 ni
661 716 848 811 plaefeslus
888 714 1041 813 quidam¹
1063 714 1243 811 Hispanus
1280 722 1418 795 nomine
1463 724 1568 809 1585.

157 902 159 906 v
223 813 318 904 Vaga,
346 813 541 906 periculum
565 814 794 905 praevidens,
829 832 898 887 tam
926 814 1030 885 enixe
1055 810 1223 887 institisset
1247 830 1288 885 nt
1320 839 1414 890 reee-

111 912 112 915 ’
221 904 343 992 deret,
376 928 414 979 ut
443 909 585 979 tandem
616 914 774 1003 quamvis
811 910 941 983 invitus
971 910 1005 980 ei
1037 904 1144 982 fuerit
1170 908 1355 982 obsecutus
1381 913 1411 983 ⁸⁸.
1445 897 1552 989 ''fl“

221 996 328 1073 Brevi
351 1020 448 1075 tanto
468 1004 661 1077 exercitum¹
674 1004 819 1079 horrore
837 1003 1025 1079 affecerant
1046 1002 1138 1077 dieta
1159 988 1411 1101 navigia'mira·
1441 978 1590 1115 mm,

188 1146 192 1155 ·
218 1094 282 1170 bili
304 1119 348 1170 eo
364 1096 512 1185 effediu,
536 1120 659 1173 contra
675 1124 778 1195 quem
795 1104 888 1176 nulla
909 1100 1048 1173 valebat
1063 1101 1189 1172 vitium
1208 1125 1250 1177 ac
1274 1101 1411 1175 virturis
1440 1132 1459 1187 a
1483 1135 1589 1192 Μ..

216 1190 416 1288 oppositio,
433 1216 473 1267 ut
491 1198 607 1269 omnia
619 1197 661 1267 ad
674 1196 947 1293 desperationem
957 1196 1164 1271 viderentur
1179 1196 1247 1272 ess‘e
1260 1199 1414 1270 redacta,
1442 1225 1476 1265 aa
1495 1208 1572 1271 stra.

215 1285 288 1363 Sed
311 1285 479 1384 postridie
502 1289 635 1363 summo
661 1314 763 1367 mane
782 1288 960 1382 Parmtnsts
983 1291 1255 1386 imperterritus,
1283 1311 1413 1388 quanta
1443 1284 1495 1356 aa,
1530 1287 1570 1360 i?

213 1387 335 1481 potuit
353 1387 533 1483 diligentia
551 1407 696 1484 pontem
719 1386 863 1465 reficere
882 1385 1010 1481 coepit,
1033 1407 1075 1459 ac
1099 1391 1238 1462 tandem
1265 1391 1411 1464 omnino
1442 1366 1559 1503 {ff
1688 1424 1701 1437 ‚

214 1482 427 1557 instauravit.
478 1482 559 1558 Nec
597 1484 721 1559 exinde
745 1482 890 1560 defuire
915 1478 1112 1579 ingeniofi,
1135 1486 1198 1580 qui
1222 1486 1266 1558 ad
1290 1482 1412 1563 fimilia
1498 1462 1550 1509 “⁰⁸

216 1574 367 1653 artificia
389 1577 447 1653 sua
468 1580 573 1653 etiam
602 1582 774 1655 advenere
800 1579 972 1666 remedia,
997 1598 1122 1674 nempe
1149 1602 1229 1654 cum
1250 1581 1411 1655 viderent

183 1720 185 1723 -
216 1673 408 1749 adventare
429 1675 563 1773 aliqua,
596 1674 738 1751 obviam
767 1676 881 1765 iasii,
914 1676 1029 1771 longis
1057 1677 1171 1751 contis
1197 1680 1233 1749 in
1270 1674 1410 1774 fastigio

214 1768 312 1845 ferro
322 1772 661 1868 munitis,paulatim
678 1774 723 1847 ad
735 1776 846 1871 ripam
863 1792 1011 1848 vacuam
1025 1772 1194 1867 nulloque
1206 1773 1316 1847 milite
1332 1796 1410 1849 mu·

131 1894 132 1897 ¹
213 1868 323 1938 mitam
340 1866 578 1954 attrahebant,
591 1868 652 1940 ubi
663 1868 750 1943 stato
769 1878 928 2037 tempore
942 1864 1097 1943 innocue
1113 1866 1203 1963 ignis
1221 1891 1406 1963 erumpens

212 1981 343 2057 praeter
366 1984 535 2037 terrorem
559 1958 644 2037 nihil
668 1965 785 2039 damni
810 1989 828 2039 a
856 1962 999 2039 ferebat.
1050 1963 1283 2039 Construxdre
1309 1966 1405 2042 aliud

215 2058 349 2152 navigii
365 2082 472 2155 genus
491 2084 562 2155 quo
579 2060 764 2134 utebantur
782 2066 818 2135 in
837 2064 935 2157 aquis
953 2082 1039 2154 quas
1051 2058 1188 2131 discillis
1200 2082 1244 2155 ag
1269 2061 1384 2136 eribus
1392 2074 1423 2153 ,λ

213 2151 424 2229 immiserant
439 2160 474 2227 in
492 2176 592 2251 prata
608 2158 811 2251 quae-babet
831 2156 1028 2251 Antvetpia
1042 2154 1085 2227 ad
1105 2084 1407 2251 partemffiraban·

212 2251 272 2329 tiae
289 2250 390 2324 valde
409 2250 574 2345 spatiosa,
601 2274 678 2347 quae
702 2253 920 2346 attingebant
944 2274 1088 2346 aggeres
1108 2253 1128 2324 a
1154 2251 1278 2345 Regiis
1301 2276 1407 2328 oceu-

211 2367 328 2441 patos.
380 2342 468 2419 Erat
484 2348 664 2441 navigium
682 2346 777 2418 mirae
794 2349 1044 2442 magnitudinis
1059 2368 1100 2419 ac
1118 2348 1256 2419 roboris
1279 2348 1323 2439 †,
1346 2347 1407 2423 setl

211 2444 316 2516 valde
332 2442 475 2516 humile.
507 2438 679 2515 Extrutta
696 2442 732 2513 in
751 2464 795 2515 eo
813 2464 912 2516 erant
928 2443 1044 2537 aliqua
1059 2444 1292 2527 munimenta,
1310 2447 1404 2519 unde

189 2534 336 2623 ¹secure
368 2537 499 2608 hostem
528 2536 632 2612 ferire
664 2534 799 2631 pollent
814 2590 826 2626 ,
857 2536 1056 2632 selopetarii
1080 2533 1141 2609 sub
1166 2560 1210 2609 eo
1237 2537 1405 2631 dispofiti.
1458 2550 1462 2560 ’

173 2684 180 2699 .
213 2632 301 2706 Erat
325 2629 362 2703 &
380 2634 480 2704 locus
500 2634 543 2705 ad
560 2632 618 2706 lex
638 2650 809 2708 tormenta
830 2633 956 2707 bellica
976 2633 1207 2716 collocanda,
1239 2629 1405 2707 habebat⁴
1472 2645 1475 2651 “

122 2728 125 2731 ’
215 2752 286 2825 que
309 2726 413 2799 binos
437 2730 546 2801 malos
572 2730 730 2801 rotundis
754 2730 902 2801 turribus
928 2730 963 2801 in
985 2726 1176 2799 summitate
1198 2729 1405 2813 constuslis,

214 2826 276 2897 ubi
296 2824 473 2897 continere
489 2821 560 2899 sese
582 2844 746 2919 poterant
770 2826 996 2921 quadraginta
1021 2824 1237 2919 sclopetarii,
1263 2828 1324 2919 qui
1345 2849 1405 2897 na·
1474 2826 1502 2864 ³

213 2922 312 3015 vigio
333 2920 377 2992 ad
401 2940 560 3014 aggerem
578 2921 741 3016 appulso,
767 2944 812 2995 ex
832 2922 904 2994 alto
924 2920 1042 2994 secure
1063 2916 1153 2992 hosti
1179 2943 1306 2994 nocere
1324 2943 1405 3017 pot·
1503 2981 1509 2988 .

217 3016 1261 3115 erant,imposuereeinomenQuaranlrMaulaobenormem
1272 3020 1405 3112 magni·

215 3114 391 3197 tudinem,
417 3134 524 3207 eaque
540 3113 612 3211 ipsa
632 3116 675 3186 de
687 3114 786 3187 eausa
800 3116 842 3186 ad
856 3113 991 3209 praxim
1006 3112 1184 3185 redudium
1193 3163 1205 3198 ,
1222 3115 1404 3187 inventum

120 3243 123 3255 ·
214 3206 282 3281 suit
299 3232 422 3303 parum
438 3212 522 3284 utile
532 3260 543 3297 ,
568 3232 633 3283 nec
651 3211 700 3282 ita
717 3210 777 3281 diu
794 3211 886 3285 stetit
904 3212 988 3303 quin
1007 3208 1225 3304 caperetura
1245 3206 1380 3300 Regiis.

262 3304 356 3377 XLI.
381 3304 464 3377 Fuit
483 3308 521 3381 &
539 3306 635 3381 aliud
650 3304 782 3402 infigne
800 3306 896 3399 quod
914 3298 1341 3393 tentirnntAntvetpimstt
1359 3303 1404 3375 ad

213 3396 264 3471 sui
284 3400 527 3477 defensionem.
576 3401 669 3476 Pons
689 3401 708 3476 i
734 3398 901 3496 Parmenfi
926 3394 1164 3485 construetur,
1187 3418 1334 3493 utraque
1358 3422 1403 3471 ex

1300 3515 1402 3590 parte

258 3684 278 3767 †
299 3682 353 3749 De
370 3682 438 3750 hoc
462 3688 599 3771 navigio
628 3686 705 3761 Vada
727 3688 870 3754 Bormam
890 3686 940 3753 lib.
961 3682 1163 3833 wiffl'ssg‘
1187 3682 1222 3752 Θ
1240 3700 1293 3768 34.
1307 3689 1401 3767 prim.

213 3767 282 3837 edit.
304 3767 344 3832 Et
370 3766 514 3833 Stradam
524 3771 600 3836 Det.
612 3790 643 3839 n.
658 3773 708 3840 lib.
723 3780 756 3840 6.
772 3772 814 3837 ad
826 3792 876 3839 aa.
893 3790 907 3835 1
911 3774 951 3853 58
953 3786 986 3851 5.
1035 3769 1245 3833 abricatores
1263 3784 1402 3833 eorum·

236 3870 279 3919 tte
298 3852 427 3918 asseclae
443 3852 475 3919 ei
496 3870 622 3921 nomen
648 3856 820 3922 dederunt
842 3854 944 3919 Finem
971 3850 1048 3916 belli.
1090 3849 1147 3914 Fut
1172 3852 1207 3914 de
1230 3852 1262 3913 la
1281 3869 1402 3931 guerre.

211 3872 282 4002 sed
313 3952 393 4002 cum
427 3935 575 4019 speciem
606 3940 711 4023 magis
738 3956 839 4021 quam
867 3936 962 4003 usum
983 3934 1144 4008 haberet,
1165 3935 1400 4007 „machinam

211 4059 236 4097 „
253 4022 347 4087 illam
369 4018 461 4085 suam
477 4021 621 4093 veriore.
635 4021 825 4099 vocabulo,
845 4018 985 4085 Perditas
1000 4016 1144 4102 expensas
1156 4016 1170 4100 (
1180 4013 1304 4084 Vertere
1315 4016 1397 4099 loll)

213 4104 381 4175 „exinde
399 4104 631 4188 appellavere.
671 4106 714 4171 Et
731 4104 874 4188 Hispani
897 4102 1041 4177 milites,
1065 4100 1222 4182 aquibus
1241 4100 1317 4183 post
1329 4100 1401 4185 pri·

213 4221 238 4257 25
254 4204 346 4253 mum
364 4184 535 4271 aspeliam
549 4184 998 4275 congreffumque,militari
1011 4185 1115 4270 ioco,
1137 4183 1400 4281 Curanjamattla,

214 4304 240 4342 „
257 4270 343 4349 quast
368 4274 488 4356 ingens
511 4270 699 4356 specuum,
720 4273 992 4354 terriculamque
1016 4284 1223 4352 puerorum,
1244 4284 1400 4334 nomina·

214 4388 240 4428 „
257 4353 287 4418 ri
302 4368 418 4435 coepta
430 4354 587 4441 estinqut't
598 4344 710 4427 strada
726 4357 781 4427 lat.
795 4366 844 4428 cit.
850 4372 886 4446 p.
907 4370 983 4441 403.
1004 4350 1076 4436 edit.
1092 4353 1310 4442 Atitv.‚1648.
1321 4359 1355 4423 itt
1368 4355 1399 4421 8.

263 4448 351 4525 Tana
367 4452 420 4533 11.
431 4454 559 4534 Parra.
762 4469 765 4475 '
865 4453 968 4533 Ouo
1371 4516 1375 4525 .
