<?xml version="1.0" encoding="UTF-8"?>
<!DOCTYPE html PUBLIC "-//W3C//DTD XHTML 1.0 Transitional//EN"
    "http://www.w3.org/TR/xhtml1/DTD/xhtml1-transitional.dtd">
<html xmlns="http://www.w3.org/1999/xhtml" xml:lang="en" lang="en">
 <head>
  <title>
</title>
<meta http-equiv="Content-Type" content="text/html;charset=utf-8" />
  <meta name='ocr-system' content='tesseract 3.04.00' />
  <meta name='ocr-capabilities' content='ocr_page ocr_carea ocr_par ocr_line ocrx_word'/>
</head>
<body>
  <div class='ocr_page' id='page_1' title='image "./vitavigliiabayt00papegoog_0263.png"; bbox 0 0 3984 5167; ppageno 0'>
   <div class='ocr_carea' id='block_1_1' title="bbox 573 482 1648 658">
    <p class='ocr_par' dir='ltr' id='par_1_1' title="bbox 573 482 1648 658">
     <span class='ocr_line' id='line_1_1' title="bbox 573 482 1648 658; baseline -0.007 -27"><span class='ocrx_word' id='word_1_1' title='bbox 573 567 660 658; x_wconf 75' lang='lat'>254</span> <span class='ocrx_word' id='word_1_2' title='bbox 716 542 751 651; x_wconf 82' lang='lat' dir='ltr'>J.</span> <span class='ocrx_word' id='word_1_3' title='bbox 780 536 829 631; x_wconf 86' lang='lat' dir='ltr'>u.</span> <span class='ocrx_word' id='word_1_4' title='bbox 857 497 926 628; x_wconf 73' lang='lat' dir='ltr'>m</span> <span class='ocrx_word' id='word_1_5' title='bbox 960 482 1216 633; x_wconf 80' lang='lat' dir='ltr'>Tass1s</span> <span class='ocrx_word' id='word_1_6' title='bbox 1253 529 1648 628; x_wconf 71' lang='lat' dir='ltr'>contutans.</span> 
     </span>
    </p>
   </div>
   <div class='ocr_carea' id='block_1_2' title="bbox 417 724 1779 1120">
    <p class='ocr_par' dir='ltr' id='par_1_2' title="bbox 417 724 1776 927">
     <span class='ocr_line' id='line_1_2' title="bbox 417 724 1776 833; baseline -0.003 -24"><span class='ocrx_word' id='word_1_7' title='bbox 417 757 519 833; x_wconf 79' lang='lat'>¹577·</span> <span class='ocrx_word' id='word_1_8' title='bbox 576 784 604 830; x_wconf 90' lang='lat'>„</span> <span class='ocrx_word' id='word_1_9' title='bbox 624 730 870 829; x_wconf 83' lang='lat' dir='ltr'>susceperuut,</span> <span class='ocrx_word' id='word_1_10' title='bbox 896 727 997 802; x_wconf 77' lang='lat' dir='ltr'>dietis</span> <span class='ocrx_word' id='word_1_11' title='bbox 1015 726 1139 801; x_wconf 88' lang='lat' dir='ltr'>nostris</span> <span class='ocrx_word' id='word_1_12' title='bbox 1161 726 1329 802; x_wconf 87' lang='lat' dir='ltr'>militibus</span> <span class='ocrx_word' id='word_1_13' title='bbox 1349 724 1536 802; x_wconf 89' lang='lat' dir='ltr'>Germanis</span> <span class='ocrx_word' id='word_1_14' title='bbox 1566 726 1635 827; x_wconf 74' lang='lat' dir='ltr'>p&#39;to</span> <span class='ocrx_word' id='word_1_15' title='bbox 1653 728 1776 829; x_wconf 72' lang='lat' dir='ltr'>stipere</span> 
     </span>
     <span class='ocr_line' id='line_1_3' title="bbox 576 820 1776 927; baseline 0 -23"><span class='ocrx_word' id='word_1_16' title='bbox 576 850 606 927; x_wconf 87' lang='lat'>·„</span> <span class='ocrx_word' id='word_1_17' title='bbox 627 832 692 904; x_wconf 91' lang='lat' dir='ltr'>diis</span> <span class='ocrx_word' id='word_1_18' title='bbox 709 826 792 926; x_wconf 78' lang='lat' dir='ltr'>ipsis</span> <span class='ocrx_word' id='word_1_19' title='bbox 809 826 938 901; x_wconf 87' lang='lat' dir='ltr'>debitis</span> <span class='ocrx_word' id='word_1_20' title='bbox 959 820 1207 907; x_wconf 87' lang='lat' dir='ltr'>satisfaciendi,</span> <span class='ocrx_word' id='word_1_21' title='bbox 1243 844 1351 920; x_wconf 91' lang='lat' dir='ltr'>prout</span> <span class='ocrx_word' id='word_1_22' title='bbox 1375 824 1454 919; x_wconf 87' lang='lat' dir='ltr'>post</span> <span class='ocrx_word' id='word_1_23' title='bbox 1484 822 1669 900; x_wconf 74' lang='lat' dir='ltr'>subductas</span> <span class='ocrx_word' id='word_1_24' title='bbox 1698 852 1776 904; x_wconf 86' lang='lat' dir='ltr'>curn</span> 
     </span>
    </p>

    <p class='ocr_par' dir='ltr' id='par_1_3' title="bbox 534 913 1779 1022">
     <span class='ocr_line' id='line_1_4' title="bbox 534 913 1779 1022; baseline -0.001 -21"><span class='ocrx_word' id='word_1_25' title='bbox 534 962 540 971; x_wconf 61' lang='lat'>¹</span> <span class='ocrx_word' id='word_1_26' title='bbox 578 975 606 1021; x_wconf 91' lang='lat'>„</span> <span class='ocrx_word' id='word_1_27' title='bbox 627 924 710 1022; x_wconf 81' lang='lat' dir='ltr'>ipsis</span> <span class='ocrx_word' id='word_1_28' title='bbox 729 926 901 1020; x_wconf 62' lang='lat' dir='ltr'>rationes„</span> <span class='ocrx_word' id='word_1_29' title='bbox 927 920 1085 996; x_wconf 74' lang='lat' dir='ltr'>deductis</span> <span class='ocrx_word' id='word_1_30' title='bbox 1101 920 1261 993; x_wconf 89' lang='lat' dir='ltr'>omuibus</span> <span class='ocrx_word' id='word_1_31' title='bbox 1280 920 1442 1017; x_wconf 81' lang='lat' dir='ltr'>legitimis</span> <span class='ocrx_word' id='word_1_32' title='bbox 1457 913 1670 1017; x_wconf 76' lang='lat' dir='ltr'>sumptibus,</span> <span class='ocrx_word' id='word_1_33' title='bbox 1696 927 1708 998; x_wconf 92' lang='lat' dir='ltr'>i</span> <span class='ocrx_word' id='word_1_34' title='bbox 1737 925 1779 1001; x_wconf 88' lang='lat' dir='ltr'>srs</span> 
     </span>
    </p>

    <p class='ocr_par' dir='ltr' id='par_1_4' title="bbox 540 946 1778 1120">
     <span class='ocr_line' id='line_1_5' title="bbox 540 946 1778 1120; baseline -0.003 -24"><span class='ocrx_word' id='word_1_35' title='bbox 540 1101 544 1120; x_wconf 34' lang='grc' dir='ltr'>ι</span> <span class='ocrx_word' id='word_1_36' title='bbox 578 1070 609 1117; x_wconf 91' lang='lat'>„</span> <span class='ocrx_word' id='word_1_37' title='bbox 628 1046 673 1096; x_wconf 86' lang='lat' dir='ltr'>ex</span> <span class='ocrx_word' id='word_1_38' title='bbox 687 1021 805 1109; x_wconf 89' lang='lat' dir='ltr'>bono,</span> <span class='ocrx_word' id='word_1_39' title='bbox 830 1023 868 1096; x_wconf 77' lang='grc' dir='ltr'>δι</span> <span class='ocrx_word' id='word_1_40' title='bbox 890 1039 992 1114; x_wconf 84' lang='lat' dir='ltr'>aequo</span> <span class='ocrx_word' id='word_1_41' title='bbox 1009 1012 1329 1101; x_wconf 88' lang='lat' dir='ltr'>debericonstabit,</span> <span class='ocrx_word' id='word_1_42' title='bbox 1354 1018 1423 1112; x_wconf 74' lang='lat' dir='ltr'>qui</span> <span class='ocrx_word' id='word_1_43' title='bbox 1439 1017 1524 1091; x_wconf 89' lang='lat' dir='ltr'>inre</span> <span class='ocrx_word' id='word_1_44' title='bbox 1542 1040 1629 1103; x_wconf 88' lang='lat' dir='ltr'>nos,</span> <span class='ocrx_word' id='word_1_45' title='bbox 1654 946 1778 1097; x_wconf 60' lang='lat' dir='ltr'>deiru</span> 
     </span>
    </p>
   </div>
   <div class='ocr_carea' id='block_1_3' title="bbox 579 1101 1779 1505">
    <p class='ocr_par' dir='ltr' id='par_1_5' title="bbox 579 1101 1779 1505">
     <span class='ocr_line' id='line_1_6' title="bbox 579 1101 1777 1214; baseline 0.003 -23"><span class='ocrx_word' id='word_1_46' title='bbox 579 1165 609 1212; x_wconf 88' lang='lat'>„</span> <span class='ocrx_word' id='word_1_47' title='bbox 627 1140 700 1214; x_wconf 85' lang='lat' dir='ltr'>que</span> <span class='ocrx_word' id='word_1_48' title='bbox 717 1118 835 1193; x_wconf 90' lang='lat' dir='ltr'>bonus</span> <span class='ocrx_word' id='word_1_49' title='bbox 848 1114 959 1190; x_wconf 86' lang='lat' dir='ltr'>frater</span> <span class='ocrx_word' id='word_1_50' title='bbox 975 1112 1092 1189; x_wconf 88' lang='lat' dir='ltr'>noster</span> <span class='ocrx_word' id='word_1_51' title='bbox 1111 1115 1207 1187; x_wconf 89' lang='lat' dir='ltr'>omni</span> <span class='ocrx_word' id='word_1_52' title='bbox 1221 1114 1412 1207; x_wconf 89' lang='lat' dir='ltr'>potestate,</span> <span class='ocrx_word' id='word_1_53' title='bbox 1436 1101 1777 1195; x_wconf 71' lang='lat' dir='ltr'>nostraautth&#39;orita·</span> 
     </span>
     <span class='ocr_line' id='line_1_7' title="bbox 580 1208 1777 1309; baseline 0.002 -22"><span class='ocrx_word' id='word_1_54' title='bbox 580 1261 610 1309; x_wconf 91' lang='lat'>„</span> <span class='ocrx_word' id='word_1_55' title='bbox 631 1235 688 1305; x_wconf 87' lang='lat' dir='ltr'>te,</span> <span class='ocrx_word' id='word_1_56' title='bbox 712 1212 751 1287; x_wconf 75' lang='lat' dir='ltr'>dt</span> <span class='ocrx_word' id='word_1_57' title='bbox 766 1212 834 1289; x_wconf 88' lang='lat' dir='ltr'>fide</span> <span class='ocrx_word' id='word_1_58' title='bbox 853 1208 917 1290; x_wconf 89' lang='lat' dir='ltr'>fibi</span> <span class='ocrx_word' id='word_1_59' title='bbox 931 1210 1088 1295; x_wconf 77' lang='lat' dir='ltr'>credits,</span> <span class='ocrx_word' id='word_1_60' title='bbox 1112 1232 1184 1284; x_wconf 91' lang='lat' dir='ltr'>tam</span> <span class='ocrx_word' id='word_1_61' title='bbox 1201 1212 1337 1297; x_wconf 88' lang='lat' dir='ltr'>ineos,</span> <span class='ocrx_word' id='word_1_62' title='bbox 1362 1232 1470 1307; x_wconf 87' lang='lat' dir='ltr'>penes</span> <span class='ocrx_word' id='word_1_63' title='bbox 1496 1215 1777 1307; x_wconf 86' lang='lat' dir='ltr'>quos·rationum</span> 
     </span>
     <span class='ocr_line' id='line_1_8' title="bbox 581 1304 1777 1477; baseline 0 -91"><span class='ocrx_word' id='word_1_64' title='bbox 581 1356 611 1406; x_wconf 89' lang='lat'>„</span> <span class='ocrx_word' id='word_1_65' title='bbox 631 1310 791 1400; x_wconf 87' lang='lat' dir='ltr'>codices,</span> <span class='ocrx_word' id='word_1_66' title='bbox 825 1311 863 1384; x_wconf 80' lang='lat' dir='ltr'>dt</span> <span class='ocrx_word' id='word_1_67' title='bbox 895 1305 1036 1477; x_wconf 56' lang='lat' dir='ltr'>registra</span> <span class='ocrx_word' id='word_1_68' title='bbox 1067 1328 1228 1391; x_wconf 87' lang='lat' dir='ltr'>manent,</span> <span class='ocrx_word' id='word_1_69' title='bbox 1251 1330 1319 1403; x_wconf 91' lang='lat' dir='ltr'>pro</span> <span class='ocrx_word' id='word_1_70' title='bbox 1350 1304 1504 1404; x_wconf 90' lang='lat' dir='ltr'>ipsorum</span> <span class='ocrx_word' id='word_1_71' title='bbox 1544 1310 1777 1399; x_wconf 83' lang='lat' dir='ltr'>exhibitione,</span> 
     </span>
     <span class='ocr_line' id='line_1_9' title="bbox 581 1403 1779 1505; baseline -0.001 -22"><span class='ocrx_word' id='word_1_72' title='bbox 581 1454 611 1503; x_wconf 86' lang='lat'>„</span> <span class='ocrx_word' id='word_1_73' title='bbox 632 1430 737 1505; x_wconf 85' lang='lat' dir='ltr'>qnam</span> <span class='ocrx_word' id='word_1_74' title='bbox 755 1408 792 1479; x_wconf 92' lang='lat' dir='ltr'>in</span> <span class='ocrx_word' id='word_1_75' title='bbox 806 1403 900 1502; x_wconf 90' lang='lat' dir='ltr'>ipsos</span> <span class='ocrx_word' id='word_1_76' title='bbox 963 1425 1143 1491; x_wconf 89' lang='lat' dir='ltr'>ermanos,</span> <span class='ocrx_word' id='word_1_77' title='bbox 1166 1420 1206 1475; x_wconf 90' lang='lat' dir='ltr'>ut</span> <span class='ocrx_word' id='word_1_78' title='bbox 1231 1428 1294 1490; x_wconf 90' lang='lat' dir='ltr'>eo,</span> <span class='ocrx_word' id='word_1_79' title='bbox 1319 1406 1416 1500; x_wconf 91' lang='lat' dir='ltr'>quod</span> <span class='ocrx_word' id='word_1_80' title='bbox 1445 1427 1582 1501; x_wconf 88' lang='lat' dir='ltr'>aequum</span> <span class='ocrx_word' id='word_1_81' title='bbox 1604 1410 1671 1481; x_wconf 89' lang='lat' dir='ltr'>erit</span> <span class='ocrx_word' id='word_1_82' title='bbox 1697 1430 1779 1482; x_wconf 92' lang='lat' dir='ltr'>con·</span> 
     </span>
    </p>
   </div>
   <div class='ocr_carea' id='block_1_4' title="bbox 581 1498 1780 1766">
    <p class='ocr_par' dir='ltr' id='par_1_6' title="bbox 581 1498 1780 1766">
     <span class='ocr_line' id='line_1_10' title="bbox 581 1498 1780 1601; baseline -0.002 -22"><span class='ocrx_word' id='word_1_83' title='bbox 581 1550 611 1598; x_wconf 89' lang='lat'>„</span> <span class='ocrx_word' id='word_1_84' title='bbox 631 1505 722 1578; x_wconf 90' lang='lat' dir='ltr'>tenti</span> <span class='ocrx_word' id='word_1_85' title='bbox 736 1500 804 1577; x_wconf 82' lang='lat' dir='ltr'>esse</span> <span class='ocrx_word' id='word_1_86' title='bbox 818 1504 947 1586; x_wconf 89' lang='lat' dir='ltr'>velint,</span> <span class='ocrx_word' id='word_1_87' title='bbox 972 1498 1074 1573; x_wconf 76' lang='lat' dir='ltr'>dietis</span> <span class='ocrx_word' id='word_1_88' title='bbox 1092 1498 1291 1574; x_wconf 82' lang='lat' dir='ltr'>Ordinibus</span> <span class='ocrx_word' id='word_1_89' title='bbox 1314 1500 1444 1589; x_wconf 83' lang='lat' dir='ltr'>adeffe,</span> <span class='ocrx_word' id='word_1_90' title='bbox 1471 1502 1509 1575; x_wconf 91' lang='lat'>&amp;</span> <span class='ocrx_word' id='word_1_91' title='bbox 1531 1498 1676 1577; x_wconf 84' lang='lat' dir='ltr'>aiirstere</span> <span class='ocrx_word' id='word_1_92' title='bbox 1700 1526 1780 1601; x_wconf 91' lang='lat' dir='ltr'>pru·</span> 
     </span>
     <span class='ocr_line' id='line_1_11' title="bbox 582 1594 1780 1766; baseline 0.001 -92"><span class='ocrx_word' id='word_1_93' title='bbox 582 1646 614 1695; x_wconf 90' lang='lat'>„</span> <span class='ocrx_word' id='word_1_94' title='bbox 633 1599 803 1674; x_wconf 81' lang='lat' dir='ltr'>misimus:</span> <span class='ocrx_word' id='word_1_95' title='bbox 827 1595 918 1672; x_wconf 89' lang='lat' dir='ltr'>licut</span> <span class='ocrx_word' id='word_1_96' title='bbox 932 1597 1016 1671; x_wconf 80' lang='lat' dir='ltr'>dieti</span> <span class='ocrx_word' id='word_1_97' title='bbox 1030 1594 1177 1671; x_wconf 88' lang='lat' dir='ltr'>Domini</span> <span class='ocrx_word' id='word_1_98' title='bbox 1193 1598 1299 1693; x_wconf 86' lang='lat' dir='ltr'>legati</span> <span class='ocrx_word' id='word_1_99' title='bbox 1318 1596 1538 1766; x_wconf 71' lang='lat' dir='ltr'>imperiales,</span> <span class='ocrx_word' id='word_1_100' title='bbox 1562 1598 1601 1673; x_wconf 81' lang='lat' dir='ltr'>dt</span> <span class='ocrx_word' id='word_1_101' title='bbox 1623 1596 1780 1677; x_wconf 86' lang='lat' dir='ltr'>subdele-</span> 
     </span>
    </p>
   </div>
   <div class='ocr_carea' id='block_1_5' title="bbox 562 1690 1889 4481">
    <p class='ocr_par' dir='ltr' id='par_1_7' title="bbox 562 1690 1889 4481">
     <span class='ocr_line' id='line_1_12' title="bbox 584 1690 1778 1790; baseline 0.003 -21"><span class='ocrx_word' id='word_1_102' title='bbox 584 1741 614 1790; x_wconf 88' lang='lat'>„</span> <span class='ocrx_word' id='word_1_103' title='bbox 679 1696 708 1769; x_wconf 94' lang='lat' dir='ltr'>ti</span> <span class='ocrx_word' id='word_1_104' title='bbox 724 1692 808 1768; x_wconf 71' lang='lat' dir='ltr'>disti</span> <span class='ocrx_word' id='word_1_105' title='bbox 825 1692 972 1767; x_wconf 91' lang='lat' dir='ltr'>Domini</span> <span class='ocrx_word' id='word_1_106' title='bbox 987 1692 1102 1767; x_wconf 90' lang='lat' dir='ltr'>Ducis</span> <span class='ocrx_word' id='word_1_107' title='bbox 1116 1690 1337 1787; x_wconf 76' lang='lat' dir='ltr'>juliacensis,</span> <span class='ocrx_word' id='word_1_108' title='bbox 1378 1714 1489 1790; x_wconf 89' lang='lat' dir='ltr'>ponte</span> <span class='ocrx_word' id='word_1_109' title='bbox 1505 1694 1539 1768; x_wconf 91' lang='lat' dir='ltr'>se</span> <span class='ocrx_word' id='word_1_110' title='bbox 1555 1694 1778 1783; x_wconf 86' lang='lat' dir='ltr'>obtulerunt,</span> 
     </span>
     <span class='ocr_line' id='line_1_13' title="bbox 583 1787 1780 1888; baseline 0.005 -26"><span class='ocrx_word' id='word_1_111' title='bbox 583 1838 612 1885; x_wconf 91' lang='lat'>„</span> <span class='ocrx_word' id='word_1_112' title='bbox 690 1791 841 1885; x_wconf 88' lang='lat' dir='ltr'>polliciti</span> <span class='ocrx_word' id='word_1_113' title='bbox 870 1790 967 1877; x_wconf 90' lang='lat' dir='ltr'>sunt,</span> <span class='ocrx_word' id='word_1_114' title='bbox 1001 1792 1094 1863; x_wconf 90' lang='lat' dir='ltr'>idem</span> <span class='ocrx_word' id='word_1_115' title='bbox 1121 1787 1275 1863; x_wconf 89' lang='lat' dir='ltr'>officium</span> <span class='ocrx_word' id='word_1_116' title='bbox 1300 1800 1383 1887; x_wconf 86' lang='lat' dir='ltr'>erg‘a</span> <span class='ocrx_word' id='word_1_117' title='bbox 1409 1789 1503 1888; x_wconf 86' lang='lat' dir='ltr'>ipsos</span> <span class='ocrx_word' id='word_1_118' title='bbox 1532 1791 1730 1868; x_wconf 86' lang='lat' dir='ltr'>Germanos</span> <span class='ocrx_word' id='word_1_119' title='bbox 1748 1792 1780 1868; x_wconf 88' lang='lat' dir='ltr'>se</span> 
     </span>
     <span class='ocr_line' id='line_1_14' title="bbox 586 1880 1886 1985; baseline 0.002 -25"><span class='ocrx_word' id='word_1_120' title='bbox 586 1936 615 1981; x_wconf 90' lang='lat'>„</span> <span class='ocrx_word' id='word_1_121' title='bbox 636 1880 879 1985; x_wconf 81' lang='lat' dir='ltr'>praestituros,</span> <span class='ocrx_word' id='word_1_122' title='bbox 911 1884 1046 1983; x_wconf 89' lang='lat' dir='ltr'>ipsrque</span> <span class='ocrx_word' id='word_1_123' title='bbox 1072 1885 1230 1960; x_wconf 90' lang='lat' dir='ltr'>Domino</span> <span class='ocrx_word' id='word_1_124' title='bbox 1261 1884 1312 1957; x_wconf 87' lang='lat' dir='ltr'>lm</span> <span class='ocrx_word' id='word_1_125' title='bbox 1342 1888 1469 1961; x_wconf 88' lang='lat' dir='ltr'>eratori</span> <span class='ocrx_word' id='word_1_126' title='bbox 1504 1885 1780 1985; x_wconf 89' lang='lat' dir='ltr'>supplicaturos,</span> <span class='ocrx_word' id='word_1_127' title='bbox 1881 1932 1886 1943; x_wconf 93' lang='lat'><strong>·</strong></span> 
     </span>
     <span class='ocr_line' id='line_1_15' title="bbox 585 1978 1781 2078; baseline 0.003 -21"><span class='ocrx_word' id='word_1_128' title='bbox 585 2032 614 2077; x_wconf 90' lang='lat'>„</span> <span class='ocrx_word' id='word_1_129' title='bbox 635 1991 685 2058; x_wconf 80' lang='lat' dir='ltr'>ut&#39;</span> <span class='ocrx_word' id='word_1_130' title='bbox 700 1984 798 2056; x_wconf 90' lang='lat' dir='ltr'>omni</span> <span class='ocrx_word' id='word_1_131' title='bbox 814 1982 1025 2058; x_wconf 86' lang='lat' dir='ltr'>authoritate</span> <span class='ocrx_word' id='word_1_132' title='bbox 1051 1978 1130 2068; x_wconf 78' lang='lat' dir='ltr'>sut,</span> <span class='ocrx_word' id='word_1_133' title='bbox 1153 1983 1246 2056; x_wconf 88' lang='lat' dir='ltr'>idem</span> <span class='ocrx_word' id='word_1_134' title='bbox 1266 1981 1286 2056; x_wconf 75' lang='lat' dir='ltr'>h</span> <span class='ocrx_word' id='word_1_135' title='bbox 1341 1984 1489 2056; x_wconf 87' lang='lat' dir='ltr'>ermanis</span> <span class='ocrx_word' id='word_1_136' title='bbox 1506 1986 1680 2078; x_wconf 82' lang='lat' dir='ltr'>impetret</span> <span class='ocrx_word' id='word_1_137' title='bbox 1707 1982 1781 2061; x_wconf 88' lang='lat' dir='ltr'>Do-</span> 
     </span>
     <span class='ocr_line' id='line_1_16' title="bbox 587 2076 1783 2177; baseline 0.002 -24"><span class='ocrx_word' id='word_1_138' title='bbox 587 2129 617 2174; x_wconf 89' lang='lat'>„</span> <span class='ocrx_word' id='word_1_139' title='bbox 637 2102 704 2153; x_wconf 91' lang='lat' dir='ltr'>nec</span> <span class='ocrx_word' id='word_1_140' title='bbox 719 2100 825 2163; x_wconf 86' lang='lat' dir='ltr'>vero,</span> <span class='ocrx_word' id='word_1_141' title='bbox 850 2102 917 2165; x_wconf 89' lang='lat' dir='ltr'>eo,</span> <span class='ocrx_word' id='word_1_142' title='bbox 942 2101 1015 2175; x_wconf 89' lang='lat' dir='ltr'>quo</span> <span class='ocrx_word' id='word_1_143' title='bbox 1036 2078 1166 2152; x_wconf 64' lang='lat' dir='ltr'>dissum</span> <span class='ocrx_word' id='word_1_144' title='bbox 1184 2078 1232 2151; x_wconf 86' lang='lat' dir='ltr'>est</span> <span class='ocrx_word' id='word_1_145' title='bbox 1250 2079 1377 2162; x_wconf 91' lang='lat' dir='ltr'>modo,</span> <span class='ocrx_word' id='word_1_146' title='bbox 1400 2076 1610 2153; x_wconf 70' lang='lat' dir='ltr'>satisfactum</span> <span class='ocrx_word' id='word_1_147' title='bbox 1637 2078 1698 2169; x_wconf 86' lang='lat' dir='ltr'>fit,</span> <span class='ocrx_word' id='word_1_148' title='bbox 1722 2102 1783 2177; x_wconf 87' lang='lat' dir='ltr'>pa·</span> 
     </span>
     <span class='ocr_line' id='line_1_17' title="bbox 590 2174 1782 2270; baseline 0.001 -21"><span class='ocrx_word' id='word_1_149' title='bbox 590 2225 619 2270; x_wconf 90' lang='lat'>,‚</span> <span class='ocrx_word' id='word_1_150' title='bbox 640 2176 739 2249; x_wconf 84' lang='lat' dir='ltr'>eifice</span> <span class='ocrx_word' id='word_1_151' title='bbox 762 2176 831 2249; x_wconf 88' lang='lat' dir='ltr'>illis</span> <span class='ocrx_word' id='word_1_152' title='bbox 846 2175 967 2249; x_wconf 89' lang='lat' dir='ltr'>licebit</span> <span class='ocrx_word' id='word_1_153' title='bbox 986 2178 1024 2249; x_wconf 91' lang='lat' dir='ltr'>in</span> <span class='ocrx_word' id='word_1_154' title='bbox 1047 2174 1147 2248; x_wconf 70' lang='lat' dir='ltr'>distis</span> <span class='ocrx_word' id='word_1_155' title='bbox 1184 2174 1307 2248; x_wconf 90' lang='lat' dir='ltr'>nostris</span> <span class='ocrx_word' id='word_1_156' title='bbox 1337 2174 1533 2248; x_wconf 85' lang='lat' dir='ltr'>Provinciis</span> <span class='ocrx_word' id='word_1_157' title='bbox 1558 2198 1715 2263; x_wconf 88' lang='lat' dir='ltr'>manere,</span> <span class='ocrx_word' id='word_1_158' title='bbox 1740 2178 1782 2251; x_wconf 87' lang='lat' dir='ltr'>iis</span> 
     </span>
     <span class='ocr_line' id='line_1_18' title="bbox 588 2263 1781 2369; baseline 0 -22"><span class='ocrx_word' id='word_1_159' title='bbox 588 2297 617 2366; x_wconf 78' lang='lat'>·„</span> <span class='ocrx_word' id='word_1_160' title='bbox 639 2271 808 2347; x_wconf 90' lang='lat' dir='ltr'>videlicet</span> <span class='ocrx_word' id='word_1_161' title='bbox 822 2273 925 2358; x_wconf 89' lang='lat' dir='ltr'>locis,</span> <span class='ocrx_word' id='word_1_162' title='bbox 956 2294 1037 2365; x_wconf 85' lang='lat' dir='ltr'>quae</span> <span class='ocrx_word' id='word_1_163' title='bbox 1055 2294 1119 2351; x_wconf 84' lang='lat' dir='ltr'>uos</span> <span class='ocrx_word' id='word_1_164' title='bbox 1134 2270 1201 2343; x_wconf 84' lang='lat' dir='ltr'>illis</span> <span class='ocrx_word' id='word_1_165' title='bbox 1236 2292 1280 2353; x_wconf 81' lang='lat' dir='ltr'>ex</span> <span class='ocrx_word' id='word_1_166' title='bbox 1298 2270 1404 2343; x_wconf 86' lang='lat' dir='ltr'>nostri</span> <span class='ocrx_word' id='word_1_167' title='bbox 1424 2270 1540 2345; x_wconf 86' lang='lat' dir='ltr'>Status</span> <span class='ocrx_word' id='word_1_168' title='bbox 1569 2263 1712 2345; x_wconf 82' lang='lat' dir='ltr'>Confilii</span> <span class='ocrx_word' id='word_1_169' title='bbox 1725 2274 1781 2369; x_wconf 86' lang='lat' dir='ltr'>jn·</span> 
     </span>
     <span class='ocr_line' id='line_1_19' title="bbox 589 2364 1888 2463; baseline 0.001 -21"><span class='ocrx_word' id='word_1_170' title='bbox 589 2370 734 2463; x_wconf 88' lang='lat' dir='ltr'>„dicio</span> <span class='ocrx_word' id='word_1_171' title='bbox 762 2366 1038 2463; x_wconf 85' lang='lat' dir='ltr'>defignabimus,</span> <span class='ocrx_word' id='word_1_172' title='bbox 1072 2367 1135 2440; x_wconf 91' lang='lat' dir='ltr'>sub</span> <span class='ocrx_word' id='word_1_173' title='bbox 1167 2364 1312 2458; x_wconf 71' lang='lat' dir='ltr'>nostri,</span> <span class='ocrx_word' id='word_1_174' title='bbox 1348 2365 1386 2440; x_wconf 75' lang='grc' dir='ltr'>δι</span> <span class='ocrx_word' id='word_1_175' title='bbox 1412 2364 1585 2441; x_wconf 72' lang='lat' dir='ltr'>dictorum</span> <span class='ocrx_word' id='word_1_176' title='bbox 1608 2366 1785 2443; x_wconf 88' lang='lat' dir='ltr'>Ordiuutn</span> <span class='ocrx_word' id='word_1_177' title='bbox 1886 2380 1888 2395; x_wconf 71' lang='lat'><strong>⁴</strong></span> 
     </span>
     <span class='ocr_line' id='line_1_20' title="bbox 589 2463 1627 2561; baseline 0 -23"><span class='ocrx_word' id='word_1_178' title='bbox 589 2513 617 2558; x_wconf 90' lang='lat'>„</span> <span class='ocrx_word' id='word_1_179' title='bbox 639 2466 878 2561; x_wconf 71' lang='lat' dir='ltr'>protestione,</span> <span class='ocrx_word' id='word_1_180' title='bbox 904 2464 941 2537; x_wconf 73' lang='grc' dir='ltr'>δι</span> <span class='ocrx_word' id='word_1_181' title='bbox 955 2463 1150 2538; x_wconf 85' lang='lat' dir='ltr'>securitate.</span> <span class='ocrx_word' id='word_1_182' title='bbox 1253 2484 1256 2491; x_wconf 83' lang='grc'><em>“</em></span> <span class='ocrx_word' id='word_1_183' title='bbox 1622 2494 1627 2502; x_wconf 95' lang='grc'><strong><em>·</em></strong></span> 
     </span>
     <span class='ocr_line' id='line_1_21' title="bbox 639 2554 1783 2657; baseline 0.002 -24"><span class='ocrx_word' id='word_1_184' title='bbox 639 2609 668 2654; x_wconf 90' lang='lat'>„</span> <span class='ocrx_word' id='word_1_185' title='bbox 688 2560 785 2635; x_wconf 90' lang='lat' dir='ltr'><strong>XCI.</strong></span> <span class='ocrx_word' id='word_1_186' title='bbox 810 2561 900 2635; x_wconf 90' lang='lat' dir='ltr'>Item</span> <span class='ocrx_word' id='word_1_187' title='bbox 925 2561 1008 2633; x_wconf 75' lang='lat' dir='ltr'>dieti</span> <span class='ocrx_word' id='word_1_188' title='bbox 1019 2556 1196 2643; x_wconf 91' lang='lat' dir='ltr'>Ordines,</span> <span class='ocrx_word' id='word_1_189' title='bbox 1220 2554 1351 2643; x_wconf 74' lang='lat' dir='ltr'>sormi,</span> <span class='ocrx_word' id='word_1_190' title='bbox 1378 2556 1532 2632; x_wconf 86' lang='lat' dir='ltr'>&amp;modo</span> <span class='ocrx_word' id='word_1_191' title='bbox 1550 2558 1651 2657; x_wconf 88' lang='lat' dir='ltr'>supra</span> <span class='ocrx_word' id='word_1_192' title='bbox 1668 2557 1783 2649; x_wconf 74' lang='lat' dir='ltr'>dieto,</span> 
     </span>
     <span class='ocr_line' id='line_1_22' title="bbox 591 2651 1889 2759; baseline 0.003 -32"><span class='ocrx_word' id='word_1_193' title='bbox 591 2704 620 2750; x_wconf 88' lang='lat'>„</span> <span class='ocrx_word' id='word_1_194' title='bbox 667 2656 875 2731; x_wconf 88' lang='lat' dir='ltr'>romiserunt</span> <span class='ocrx_word' id='word_1_195' title='bbox 899 2651 1004 2750; x_wconf 90' lang='lat' dir='ltr'>seque</span> <span class='ocrx_word' id='word_1_196' title='bbox 1021 2656 1239 2751; x_wconf 84' lang='lat' dir='ltr'>obligarunt,</span> <span class='ocrx_word' id='word_1_197' title='bbox 1264 2651 1297 2727; x_wconf 89' lang='lat' dir='ltr'>se</span> <span class='ocrx_word' id='word_1_198' title='bbox 1316 2654 1394 2749; x_wconf 90' lang='lat' dir='ltr'>post</span> <span class='ocrx_word' id='word_1_199' title='bbox 1409 2653 1590 2745; x_wconf 77' lang='lat' dir='ltr'>discessum</span> <span class='ocrx_word' id='word_1_200' title='bbox 1614 2658 1795 2759; x_wconf 33' lang='lat' dir='ltr'>dictorum,</span> <span class='ocrx_word' id='word_1_201' title='bbox 1888 2666 1889 2677; x_wconf 76' lang='grc'>’</span> 
     </span>
     <span class='ocr_line' id='line_1_23' title="bbox 591 2750 1785 2849; baseline 0.003 -26"><span class='ocrx_word' id='word_1_202' title='bbox 591 2802 622 2849; x_wconf 87' lang='lat'>„</span> <span class='ocrx_word' id='word_1_203' title='bbox 685 2750 895 2848; x_wconf 87' lang='lat' dir='ltr'>ispanorum,</span> <span class='ocrx_word' id='word_1_204' title='bbox 912 2751 1078 2825; x_wconf 84' lang='lat' dir='ltr'>italorum</span> <span class='ocrx_word' id='word_1_205' title='bbox 1089 2804 1098 2835; x_wconf 94' lang='lat'>,</span> <span class='ocrx_word' id='word_1_206' title='bbox 1110 2751 1403 2844; x_wconf 82' lang='lat' dir='ltr'>Burgundionum</span> <span class='ocrx_word' id='word_1_207' title='bbox 1418 2776 1462 2825; x_wconf 83' lang='lat' dir='ltr'>ex</span> <span class='ocrx_word' id='word_1_208' title='bbox 1479 2754 1579 2825; x_wconf 68' lang='lat' dir='ltr'>distis</span> <span class='ocrx_word' id='word_1_209' title='bbox 1592 2752 1785 2831; x_wconf 86' lang='lat' dir='ltr'>Provinciis</span> 
     </span>
     <span class='ocr_line' id='line_1_24' title="bbox 592 2845 1786 2942; baseline 0.001 -23"><span class='ocrx_word' id='word_1_210' title='bbox 592 2897 621 2942; x_wconf 88' lang='lat'>,‚</span> <span class='ocrx_word' id='word_1_211' title='bbox 643 2846 786 2931; x_wconf 90' lang='lat' dir='ltr'>nostris,</span> <span class='ocrx_word' id='word_1_212' title='bbox 811 2872 889 2921; x_wconf 88' lang='lat' dir='ltr'>rece</span> <span class='ocrx_word' id='word_1_213' title='bbox 917 2869 1014 2922; x_wconf 88' lang='lat' dir='ltr'>turos</span> <span class='ocrx_word' id='word_1_214' title='bbox 1028 2848 1152 2932; x_wconf 74' lang='lat' dir='ltr'>,nostro</span> <span class='ocrx_word' id='word_1_215' title='bbox 1168 2849 1307 2919; x_wconf 90' lang='lat' dir='ltr'>nomine</span> <span class='ocrx_word' id='word_1_216' title='bbox 1329 2845 1460 2919; x_wconf 70' lang='lat' dir='ltr'>disium</span> <span class='ocrx_word' id='word_1_217' title='bbox 1486 2848 1619 2920; x_wconf 84' lang='lat' dir='ltr'>bonu&#39;m</span> <span class='ocrx_word' id='word_1_218' title='bbox 1644 2847 1786 2924; x_wconf 87' lang='lat' dir='ltr'>fratrem</span> 
     </span>
     <span class='ocr_line' id='line_1_25' title="bbox 595 2871 1889 3040; baseline 0.002 -26"><span class='ocrx_word' id='word_1_219' title='bbox 595 2992 623 3039; x_wconf 84' lang='lat'>,‚</span> <span class='ocrx_word' id='word_1_220' title='bbox 644 2944 820 3028; x_wconf 90' lang='lat' dir='ltr'>nostrum,</span> <span class='ocrx_word' id='word_1_221' title='bbox 844 2871 934 3017; x_wconf 58' lang='lat' dir='ltr'>saga</span> <span class='ocrx_word' id='word_1_222' title='bbox 956 2942 1149 3017; x_wconf 91' lang='lat' dir='ltr'>nostrarum</span> <span class='ocrx_word' id='word_1_223' title='bbox 1162 2944 1355 3014; x_wconf 88' lang='lat' dir='ltr'>litterarum</span> <span class='ocrx_word' id='word_1_224' title='bbox 1378 2940 1480 3039; x_wconf 87' lang='lat' dir='ltr'>snper</span> <span class='ocrx_word' id='word_1_225' title='bbox 1495 2944 1529 3019; x_wconf 90' lang='lat' dir='ltr'>id</span> <span class='ocrx_word' id='word_1_226' title='bbox 1546 2944 1786 3040; x_wconf 82' lang='lat' dir='ltr'>expeditarum</span> <span class='ocrx_word' id='word_1_227' title='bbox 1888 2940 1889 3003; x_wconf 64' lang='lat' dir='ltr'>l</span> 
     </span>
     <span class='ocr_line' id='line_1_26' title="bbox 595 3036 1786 3138; baseline 0.001 -26"><span class='ocrx_word' id='word_1_228' title='bbox 595 3092 623 3138; x_wconf 87' lang='lat'>„</span> <span class='ocrx_word' id='word_1_229' title='bbox 645 3040 876 3121; x_wconf 84' lang='lat' dir='ltr'>exhibitione,</span> <span class='ocrx_word' id='word_1_230' title='bbox 901 3062 981 3111; x_wconf 90' lang='lat' dir='ltr'>cum</span> <span class='ocrx_word' id='word_1_231' title='bbox 1010 3039 1230 3137; x_wconf 87' lang='lat' dir='ltr'>praestatione</span> <span class='ocrx_word' id='word_1_232' title='bbox 1248 3042 1434 3133; x_wconf 86' lang='lat' dir='ltr'>juramenti</span> <span class='ocrx_word' id='word_1_233' title='bbox 1459 3036 1587 3128; x_wconf 90' lang='lat' dir='ltr'>debiti,</span> <span class='ocrx_word' id='word_1_234' title='bbox 1612 3039 1648 3111; x_wconf 90' lang='lat'>&amp;</span> <span class='ocrx_word' id='word_1_235' title='bbox 1673 3040 1786 3127; x_wconf 85' lang='lat' dir='ltr'>soliti,</span> 
     </span>
     <span class='ocr_line' id='line_1_27' title="bbox 594 3134 1786 3232; baseline 0.001 -24"><span class='ocrx_word' id='word_1_236' title='bbox 594 3188 622 3232; x_wconf 88' lang='lat'>„</span> <span class='ocrx_word' id='word_1_237' title='bbox 644 3139 856 3228; x_wconf 87' lang='lat' dir='ltr'>aliarumque</span> <span class='ocrx_word' id='word_1_238' title='bbox 872 3139 973 3208; x_wconf 90' lang='lat' dir='ltr'>etiam</span> <span class='ocrx_word' id='word_1_239' title='bbox 991 3134 1266 3220; x_wconf 87' lang='lat' dir='ltr'>solemnitatum,</span> <span class='ocrx_word' id='word_1_240' title='bbox 1291 3158 1371 3231; x_wconf 86' lang='lat' dir='ltr'>quae</span> <span class='ocrx_word' id='word_1_241' title='bbox 1388 3135 1423 3205; x_wconf 93' lang='lat' dir='ltr'>in</span> <span class='ocrx_word' id='word_1_242' title='bbox 1442 3136 1503 3207; x_wconf 87' lang='lat' dir='ltr'>tali</span> <span class='ocrx_word' id='word_1_243' title='bbox 1526 3162 1562 3211; x_wconf 88' lang='lat' dir='ltr'>re</span> <span class='ocrx_word' id='word_1_244' title='bbox 1584 3136 1734 3223; x_wconf 88' lang='lat' dir='ltr'>debent,</span> <span class='ocrx_word' id='word_1_245' title='bbox 1750 3136 1786 3209; x_wconf 77' lang='grc' dir='ltr'>δι</span> 
     </span>
     <span class='ocr_line' id='line_1_28' title="bbox 596 3224 1889 3331; baseline 0.001 -27"><span class='ocrx_word' id='word_1_246' title='bbox 596 3283 624 3331; x_wconf 87' lang='lat'>„</span> <span class='ocrx_word' id='word_1_247' title='bbox 645 3227 757 3305; x_wconf 89' lang='lat' dir='ltr'>solent</span> <span class='ocrx_word' id='word_1_248' title='bbox 780 3231 962 3315; x_wconf 82' lang='lat' dir='ltr'>exhiberi,</span> <span class='ocrx_word' id='word_1_249' title='bbox 986 3232 1220 3319; x_wconf 81' lang='lat' dir='ltr'>adhibitione,</span> <span class='ocrx_word' id='word_1_250' title='bbox 1254 3230 1291 3303; x_wconf 90' lang='lat'>&amp;</span> <span class='ocrx_word' id='word_1_251' title='bbox 1324 3229 1587 3317; x_wconf 86' lang='lat' dir='ltr'>observatione,</span> <span class='ocrx_word' id='word_1_252' title='bbox 1622 3236 1787 3327; x_wconf 82' lang='lat' dir='ltr'>tanquam</span> <span class='ocrx_word' id='word_1_253' title='bbox 1888 3224 1889 3305; x_wconf 70' lang='grc' dir='ltr'>Ῑ</span> 
     </span>
     <span class='ocr_line' id='line_1_29' title="bbox 562 3326 1889 3427; baseline 0.005 -26"><span class='ocrx_word' id='word_1_254' title='bbox 562 3375 567 3381; x_wconf 83' lang='lat'><strong>·</strong></span> <span class='ocrx_word' id='word_1_255' title='bbox 595 3381 624 3427; x_wconf 87' lang='lat'>‚‚</span> <span class='ocrx_word' id='word_1_256' title='bbox 647 3326 980 3415; x_wconf 75' lang='lat' dir='ltr'>Gubernatorem&amp;</span> <span class='ocrx_word' id='word_1_257' title='bbox 1001 3327 1138 3400; x_wconf 88' lang='lat' dir='ltr'>Ducem</span> <span class='ocrx_word' id='word_1_258' title='bbox 1155 3328 1369 3423; x_wconf 89' lang='lat' dir='ltr'>generalem,</span> <span class='ocrx_word' id='word_1_259' title='bbox 1394 3328 1429 3397; x_wconf 93' lang='lat' dir='ltr'>in</span> <span class='ocrx_word' id='word_1_260' title='bbox 1449 3330 1548 3401; x_wconf 70' lang='lat' dir='ltr'>distis</span> <span class='ocrx_word' id='word_1_261' title='bbox 1569 3328 1786 3414; x_wconf 88' lang='lat' dir='ltr'>Provinciis,</span> <span class='ocrx_word' id='word_1_262' title='bbox 1888 3392 1889 3407; x_wconf 64' lang='grc'>,</span> 
     </span>
     <span class='ocr_line' id='line_1_30' title="bbox 596 3422 1889 3520; baseline 0.002 -24"><span class='ocrx_word' id='word_1_263' title='bbox 596 3476 625 3520; x_wconf 82' lang='grc'>,,</span> <span class='ocrx_word' id='word_1_264' title='bbox 646 3427 748 3519; x_wconf 88' lang='lat' dir='ltr'>eique</span> <span class='ocrx_word' id='word_1_265' title='bbox 767 3444 931 3519; x_wconf 87' lang='lat' dir='ltr'>tanquam</span> <span class='ocrx_word' id='word_1_266' title='bbox 958 3426 1020 3497; x_wconf 89' lang='lat' dir='ltr'>tali</span> <span class='ocrx_word' id='word_1_267' title='bbox 1042 3422 1177 3498; x_wconf 86' lang='lat' dir='ltr'>deferre</span> <span class='ocrx_word' id='word_1_268' title='bbox 1205 3422 1438 3511; x_wconf 81' lang='lat' dir='ltr'>tenebuntur,</span> <span class='ocrx_word' id='word_1_269' title='bbox 1464 3422 1691 3519; x_wconf 82' lang='lat' dir='ltr'>deferensque</span> <span class='ocrx_word' id='word_1_270' title='bbox 1718 3448 1790 3499; x_wconf 89' lang='lat' dir='ltr'>om·</span> <span class='ocrx_word' id='word_1_271' title='bbox 1888 3514 1889 3517; x_wconf 8' lang='grc' dir='ltr'><strong>Ἴ</strong></span> 
     </span>
     <span class='ocr_line' id='line_1_31' title="bbox 596 3512 1889 3620; baseline 0.002 -27"><span class='ocrx_word' id='word_1_272' title='bbox 596 3570 625 3616; x_wconf 88' lang='lat'>„</span> <span class='ocrx_word' id='word_1_273' title='bbox 646 3541 725 3593; x_wconf 88' lang='lat' dir='ltr'>uem</span> <span class='ocrx_word' id='word_1_274' title='bbox 743 3518 956 3615; x_wconf 67' lang='lat' dir='ltr'>respesium,</span> <span class='ocrx_word' id='word_1_275' title='bbox 985 3512 1173 3603; x_wconf 69' lang='lat' dir='ltr'>honorem,</span> <span class='ocrx_word' id='word_1_276' title='bbox 1198 3516 1494 3591; x_wconf 88' lang='lat' dir='ltr'>&amp;obedientiam</span> <span class='ocrx_word' id='word_1_277' title='bbox 1521 3520 1696 3607; x_wconf 83' lang='lat' dir='ltr'>debitam,</span> <span class='ocrx_word' id='word_1_278' title='bbox 1720 3546 1791 3595; x_wconf 85' lang='lat' dir='ltr'>ma·</span> <span class='ocrx_word' id='word_1_279' title='bbox 1888 3562 1889 3620; x_wconf 71' lang='lat'>3</span> 
     </span>
     <span class='ocr_line' id='line_1_32' title="bbox 595 3616 1889 3714; baseline 0.002 -25"><span class='ocrx_word' id='word_1_280' title='bbox 595 3670 624 3714; x_wconf 85' lang='lat'>,‚</span> <span class='ocrx_word' id='word_1_281' title='bbox 645 3638 749 3689; x_wconf 82' lang='lat' dir='ltr'>trente</span> <span class='ocrx_word' id='word_1_282' title='bbox 767 3618 932 3688; x_wconf 88' lang='lat' dir='ltr'>tamenin</span> <span class='ocrx_word' id='word_1_283' title='bbox 963 3618 1018 3687; x_wconf 91' lang='lat' dir='ltr'>his</span> <span class='ocrx_word' id='word_1_284' title='bbox 1034 3618 1195 3689; x_wconf 90' lang='lat' dir='ltr'>omnibus</span> <span class='ocrx_word' id='word_1_285' title='bbox 1214 3636 1404 3710; x_wconf 89' lang='lat' dir='ltr'>eorumque</span> <span class='ocrx_word' id='word_1_286' title='bbox 1428 3616 1672 3711; x_wconf 86' lang='lat' dir='ltr'>dependentiis</span> <span class='ocrx_word' id='word_1_287' title='bbox 1696 3618 1790 3692; x_wconf 73' lang='lat' dir='ltr'>disto</span> <span class='ocrx_word' id='word_1_288' title='bbox 1888 3640 1889 3697; x_wconf 71' lang='grc' dir='ltr'><em>ῖ</em></span> 
     </span>
     <span class='ocr_line' id='line_1_33' title="bbox 596 3708 1889 3811; baseline -0.005 -26"><span class='ocrx_word' id='word_1_289' title='bbox 596 3767 624 3811; x_wconf 86' lang='lat'>„</span> <span class='ocrx_word' id='word_1_290' title='bbox 646 3710 746 3785; x_wconf 90' lang='lat' dir='ltr'>Pacis</span> <span class='ocrx_word' id='word_1_291' title='bbox 765 3713 910 3784; x_wconf 68' lang='lat' dir='ltr'>trastatu</span> <span class='ocrx_word' id='word_1_292' title='bbox 928 3710 1095 3783; x_wconf 89' lang='lat' dir='ltr'>Gandavi</span> <span class='ocrx_word' id='word_1_293' title='bbox 1118 3710 1206 3785; x_wconf 91' lang='lat' dir='ltr'>inito</span> <span class='ocrx_word' id='word_1_294' title='bbox 1230 3712 1265 3783; x_wconf 88' lang='lat' dir='ltr'>iu</span> <span class='ocrx_word' id='word_1_295' title='bbox 1284 3708 1346 3784; x_wconf 90' lang='lat' dir='ltr'>suo</span> <span class='ocrx_word' id='word_1_296' title='bbox 1364 3710 1512 3798; x_wconf 89' lang='lat' dir='ltr'>robore,</span> <span class='ocrx_word' id='word_1_297' title='bbox 1537 3708 1576 3785; x_wconf 77' lang='grc' dir='ltr'><strong>ἃ</strong></span> <span class='ocrx_word' id='word_1_298' title='bbox 1598 3718 1734 3808; x_wconf 83' lang='lat' dir='ltr'>vigore.</span> <span class='ocrx_word' id='word_1_299' title='bbox 1888 3710 1889 3779; x_wconf 65' lang='grc' dir='ltr'><em>ἴ</em></span> 
     </span>
     <span class='ocr_line' id='line_1_34' title="bbox 646 3806 1889 3903; baseline -0.001 -20"><span class='ocrx_word' id='word_1_300' title='bbox 646 3861 673 3903; x_wconf 85' lang='grc'>,,</span> <span class='ocrx_word' id='word_1_301' title='bbox 695 3806 811 3883; x_wconf 84' lang='lat' dir='ltr'><strong>XCII.</strong></span> <span class='ocrx_word' id='word_1_302' title='bbox 846 3806 932 3880; x_wconf 89' lang='lat' dir='ltr'>Item</span> <span class='ocrx_word' id='word_1_303' title='bbox 969 3808 1171 3891; x_wconf 90' lang='lat' dir='ltr'>statuimus,</span> <span class='ocrx_word' id='word_1_304' title='bbox 1208 3808 1246 3881; x_wconf 91' lang='lat'>&amp;</span> <span class='ocrx_word' id='word_1_305' title='bbox 1279 3808 1509 3894; x_wconf 89' lang='lat' dir='ltr'>ordinamus,</span> <span class='ocrx_word' id='word_1_306' title='bbox 1542 3810 1638 3902; x_wconf 92' lang='lat' dir='ltr'>quod</span> <span class='ocrx_word' id='word_1_307' title='bbox 1670 3832 1791 3883; x_wconf 89' lang='lat' dir='ltr'>omues</span> <span class='ocrx_word' id='word_1_308' title='bbox 1888 3850 1889 3861; x_wconf 27' lang='grc' dir='ltr'><strong>κ</strong></span> 
     </span>
     <span class='ocr_line' id='line_1_35' title="bbox 596 3899 1793 4003; baseline 0.001 -25"><span class='ocrx_word' id='word_1_309' title='bbox 596 3957 624 4003; x_wconf 83' lang='grc'>,,</span> <span class='ocrx_word' id='word_1_310' title='bbox 646 3902 852 3979; x_wconf 78' lang='lat' dir='ltr'>successores</span> <span class='ocrx_word' id='word_1_311' title='bbox 869 3899 976 3975; x_wconf 89' lang='lat' dir='ltr'>nostri</span> <span class='ocrx_word' id='word_1_312' title='bbox 998 3906 1033 3975; x_wconf 92' lang='lat' dir='ltr'>in</span> <span class='ocrx_word' id='word_1_313' title='bbox 1056 3908 1145 3979; x_wconf 77' lang='lat' dir='ltr'>Lato</span> <span class='ocrx_word' id='word_1_314' title='bbox 1162 3904 1221 3977; x_wconf 89' lang='lat' dir='ltr'>suo</span> <span class='ocrx_word' id='word_1_315' title='bbox 1241 3900 1386 3998; x_wconf 81' lang='lat' dir='ltr'>Ingreffu</span> <span class='ocrx_word' id='word_1_316' title='bbox 1411 3904 1450 3993; x_wconf 77' lang='lat'>*,</span> <span class='ocrx_word' id='word_1_317' title='bbox 1476 3902 1655 4001; x_wconf 75' lang='lat' dir='ltr'>diblusque</span> <span class='ocrx_word' id='word_1_318' title='bbox 1679 3908 1793 3979; x_wconf 90' lang='lat' dir='ltr'>bonus</span> 
     </span>
     <span class='ocr_line' id='line_1_36' title="bbox 596 3998 1889 4097; baseline 0.002 -24"><span class='ocrx_word' id='word_1_319' title='bbox 596 4051 625 4097; x_wconf 88' lang='lat'>„</span> <span class='ocrx_word' id='word_1_320' title='bbox 646 4003 751 4075; x_wconf 85' lang='lat' dir='ltr'>frater</span> <span class='ocrx_word' id='word_1_321' title='bbox 767 3998 906 4085; x_wconf 90' lang='lat' dir='ltr'>noster,</span> <span class='ocrx_word' id='word_1_322' title='bbox 922 4000 1110 4095; x_wconf 90' lang='lat' dir='ltr'>omnesque</span> <span class='ocrx_word' id='word_1_323' title='bbox 1131 3999 1395 4073; x_wconf 87' lang='lat' dir='ltr'>Gubernatores</span> <span class='ocrx_word' id='word_1_324' title='bbox 1411 4000 1562 4085; x_wconf 73' lang='lat' dir='ltr'>anobis,</span> <span class='ocrx_word' id='word_1_325' title='bbox 1587 4002 1645 4075; x_wconf 88' lang='lat' dir='ltr'>vel</span> <span class='ocrx_word' id='word_1_326' title='bbox 1666 3999 1793 4076; x_wconf 87' lang='lat' dir='ltr'>sucees-</span> <span class='ocrx_word' id='word_1_327' title='bbox 1888 4004 1889 4019; x_wconf 59' lang='lat'>¹</span> 
     </span>
     <span class='ocr_line' id='line_1_37' title="bbox 596 4092 1797 4194; baseline 0.002 -25"><span class='ocrx_word' id='word_1_328' title='bbox 596 4150 625 4194; x_wconf 88' lang='lat'>„</span> <span class='ocrx_word' id='word_1_329' title='bbox 646 4096 779 4171; x_wconf 88' lang='lat' dir='ltr'>soribus</span> <span class='ocrx_word' id='word_1_330' title='bbox 809 4092 955 4181; x_wconf 86' lang='lat' dir='ltr'>nostris,</span> <span class='ocrx_word' id='word_1_331' title='bbox 983 4099 1028 4169; x_wconf 90' lang='lat' dir='ltr'>ad</span> <span class='ocrx_word' id='word_1_332' title='bbox 1053 4096 1221 4170; x_wconf 75' lang='lat' dir='ltr'>dibiarum</span> <span class='ocrx_word' id='word_1_333' title='bbox 1247 4096 1510 4169; x_wconf 88' lang='lat' dir='ltr'>Provinciarum</span> <span class='ocrx_word' id='word_1_334' title='bbox 1535 4096 1797 4171; x_wconf 84' lang='lat' dir='ltr'>administratio·</span> 
     </span>
     <span class='ocr_line' id='line_1_38' title="bbox 597 4191 1792 4291; baseline 0.003 -27"><span class='ocrx_word' id='word_1_335' title='bbox 597 4242 625 4289; x_wconf 85' lang='lat'>„</span> <span class='ocrx_word' id='word_1_336' title='bbox 648 4216 725 4267; x_wconf 89' lang='lat' dir='ltr'>netu</span> <span class='ocrx_word' id='word_1_337' title='bbox 745 4193 962 4288; x_wconf 88' lang='lat' dir='ltr'>deputandi,</span> <span class='ocrx_word' id='word_1_338' title='bbox 987 4212 1056 4263; x_wconf 91' lang='lat' dir='ltr'>tarn</span> <span class='ocrx_word' id='word_1_339' title='bbox 1074 4191 1283 4289; x_wconf 76' lang='lat' dir='ltr'>generales,</span> <span class='ocrx_word' id='word_1_340' title='bbox 1297 4216 1399 4291; x_wconf 84' lang='lat' dir='ltr'>quatu</span> <span class='ocrx_word' id='word_1_341' title='bbox 1418 4194 1662 4289; x_wconf 88' lang='lat' dir='ltr'>particulares,</span> <span class='ocrx_word' id='word_1_342' title='bbox 1678 4193 1792 4269; x_wconf 60' lang='lat' dir='ltr'>‘simul</span> 
     </span>
     <span class='ocr_line' id='line_1_39' title="bbox 1671 4314 1794 4385; baseline 0.016 -2"><span class='ocrx_word' id='word_1_343' title='bbox 1671 4340 1699 4385; x_wconf 78' lang='lat' dir='ltr'>as</span> <span class='ocrx_word' id='word_1_344' title='bbox 1721 4314 1794 4365; x_wconf 60' lang='grc' dir='ltr'>ΟΜ·</span> 
     </span>
     <span class='ocr_line' id='line_1_40' title="bbox 761 4394 1643 4481; baseline 0.003 -20"><span class='ocrx_word' id='word_1_345' title='bbox 761 4396 778 4441; x_wconf 77' lang='grc'><strong>*</strong></span> <span class='ocrx_word' id='word_1_346' title='bbox 798 4394 888 4479; x_wconf 77' lang='lat' dir='ltr'>Blyde</span> <span class='ocrx_word' id='word_1_347' title='bbox 908 4394 1064 4481; x_wconf 73' lang='lat' dir='ltr'>Iskomjir.</span> <span class='ocrx_word' id='word_1_348' title='bbox 1639 4406 1643 4413; x_wconf 86' lang='lat'>&#39;</span> 
     </span>
    </p>
   </div>
   <div class='ocr_carea' id='block_1_6' title="bbox 0 0 2023 5167">
    <p class='ocr_par' dir='ltr' id='par_1_8' title="bbox 0 0 2023 5167">
     <span class='ocr_line' id='line_1_41' title="bbox 0 0 2023 5167; baseline 0 0"><span class='ocrx_word' id='word_1_349' title='bbox 0 0 2023 5167; x_wconf 95' lang='lat' dir='ltr'> </span> 
     </span>
    </p>
   </div>
  </div>
 </body>
</html>
