3984 5167
332 500 1283 649 nLlBER‘OCTAVUSs
1353 535 1435 628 577

235 744 264 781 ῃ
284 699 402 774 minus
425 698 505 773 Rex
528 699 763 788 Catholicae,
788 697 1013 782 testamento,
1048 695 1256 788 donatione,
1289 701 1436 802 refigna·
1484 708 1589 797 1598.
1681 732 1689 738 ·

239 840 263 876 a
287 800 405 886 tione,
440 800 552 870 aliove
582 795 706 891 quovis
739 794 868 879 modo,
902 816 963 869 aut
987 794 1092 869 titulo
1119 794 1216 868 dono
1246 797 1335 887 det,
1373 824 1434 879 aut

238 934 263 971 η
287 892 491 975 transcribat
509 891 730 966 Sereuillrmae
747 890 1083 965 infantae-Domine
1099 891 1258 981 isabella,
1269 892 1350 967 filiae
1363 896 1433 975 suae

233 993 261 1067 'n‘
287 990 429 1086 majori,
455 991 629 1073 aureliis,
651 1012 772 1061 omues
790 984 994 1062 Provincias
1011 986 1186 1062 inferioris
1208 986 1432 1083 Germaniae,

235 1126 259 1163 n
284 1108 365 1160 cum
390 1085 568 1159 Comitatu
594 1084 833 1179 Burgundiae,
868 1083 907 1155 dt
939 1080 1156 1171 charmeli,
1179 1108 1299 1159 omnes
1325 1084 1429 1161 didiae

235 1224 259 1261 r,
284 1178 507 1283 Brovinciae,
529 1184 571 1255 δι
594 1179 795 1253 Comitatus
818 1180 1061 1273 intelliguntur
1087 1181 1338 1276 comprehendi
1361 1186 1432 1260 hoc

154 1356 156 1361 ,
233 1317 258 1356 n
283 1276 445 1375 praesenti
470 1276 643 1363 credatu,
668 1296 708 1348 ut
736 1276 772 1347 in
788 1276 896 1349 ‘dicto
921 1274 1003 1347 anni
1030 1295 1133 1369 1559.
1159 1276 1308 1353 trallatu
1332 1299 1431 1355 eraut

158 1387 160 1395 ’
233 1416 257 1452 n
282 1374 553 1468 comprehensae.
580 1372 668 1447 Item
683 1368 1099 1462 didiaDominaInlaus,
1123 1375 1257 1463 ancille
1279 1378 1430 1473 iucujua

235 1511 260 1547 η
283 1469 442 1545 favorem
456 1471 568 1545 dicius
582 1467 759 1543 Dominus
773 1464 853 1542 Rex
865 1466 1073 1542 catholicus
1095 1468 1141 1541 de
1157 1468 1430 1551 illisProviuciit

233 1608 258 1643 υ
282 1565 462 1665 disponere
475 1566 721 1651 destinaverit,
743 1566 794 1638 ita
810 1586 851 1639 ut
866 1564 910 1638 ad
927 1562 1031 1659 hujus
1053 1566 1105 1639 rei
1118 1561 1284 1640 offellum
1298 1590 1370 1644 nun
1386 1568 1428 1647 fit

106 1715 108 1721 ν
233 1686 270 1741 ‚r
281 1681 373 1760 opus
388 1665 476 1740 inire
496 1684 629 1738 novum
647 1658 843 1737 crudarum.

280 1802 305 1838 η
330 1781 365 1852 7·
390 1760 478 1834 Item
501 1757 651 1845 subditi,
676 1758 898 1853 Ministrique
925 1752 1081 1853 ejusdem·
1096 1760 1231 1855 partis,
1254 1777 1337 1834 tam-
1357 1758 1426 1837 Ec·

234 1897 259 1937 rr
282 1854 479 1943 clesrastici,
498 1878 603 1951 quarn
626 1856 826 1938 Seculates,
845 1853 1002 1950 quamvis
1018 1856 1290 1930 adversariorum
1307 1879 1426 1954 parter

232 1998 256 2033 ,‚
281 1951 349 2027 srnt
372 1952 500 2035 secuti,
528 1951 855 2047 redintegrabuntur
872 1953 908 2022 in
923 1948 983 2023 sua
1005 1950 1148 2038 officia,
1179 1954 1218 2027 &
1235 1953 1424 2046 beneficia,

217 2068 257 2128 'o
281 2050 408 2143 quibus
433 2047 634 2123 fruebantur
658 2070 736 2121 ante
763 2046 865 2121 finem
885 2045 1089 2121 Decembris
1117 2050 1199 2121 anni
1237 2055 1341 2139 1588.
1367 2075 1427 2127 ex·

230 2185 254 2224 n
279 2147 393 2239 ceptis
433 2142 698 2230 Pastoratibus,
730 2147 795 2241 qui
831 2145 869 2216 iu
894 2146 986 2216 alios
1011 2142 1165 2240 legitime
1191 2147 1312 2219 collati
1336 2144 1427 2223 sunt.

231 2284 256 2321 η
281 2240 450 2314 Similiter
467 2242 796 2335 redintegrabuntur
818 2242 855 2313 iu
872 2236 931 2311 sua
946 2239 1091 2336 quisque
1101 2239 1194 2314 bona
1210 2244 1424 2333 immobilia,

230 2380 255 2417 n
280 2358 412 2411 annuos
427 2338 558 2410 reditur
574 2338 616 2409 ad
633 2338 761 2418 vitam,
787 2335 825 2407 δι
840 2335 1075 2429 redemptioni
1086 2334 1279 2425 obnoxios,
1299 2359 1426 2433 capta,

147 2480 151 2493 ·
230 2464 254 2513 u
281 2434 319 2510 bc
343 2454 516 2528 occupata
534 2428 715 2505 oecafiune
734 2432 816 2505 belli
830 2430 986 2504 inchoati
1010 2429 1073 2503 sub
1086 2428 1191 2505 finem
1212 2434 1294 2506 anni
1317 2442 1423 2523 1585.
1448 2506 1455 2519 ,

229 2574 254 2610 η
278 2550 318 2604 ut
332 2531 374 2603 iis
396 2528 556 2603 fruantur
576 2528 851 2623 lpublicatione
872 2525 977 2620 hujus
993 2522 1097 2599 diblae
1117 2528 1242 2622 pacis,
1265 2527 1423 2626 itemque

229 2670 255 2706 ‚‚
278 2630 315 2699 in
333 2627 426 2699 bona
439 2629 483 2699 ad
500 2648 560 2699 eoa
586 2626 706 2719 pollea
722 2647 786 2718 per
803 2622 1061 2711 saccellionem,
1086 2622 1205 2697 aliove
1234 2624 1341 2699 modo
1365 2628 1425 2701 de·

231 2768 254 2803 η
279 2724 423 2809 voluta,
452 2721 494 2795 ei
518 2742 635 2795 tamen
657 2722 881 2799 conditione,
906 2742 950 2792 ne
979 2718 1120 2813 exigant
1147 2714 1281 2793 studius
1310 2745 1355 2795 ex
1384 2725 1427 2799 iia

230 2862 255 2899 ‚r
279 2843 384 2915 perce
412 2817 508 2893 toea
533 2836 693 2912 tempore
720 2812 976 2890 confiscationis
1002 2814 1177 2887 bonorum
1198 2817 1425 2894 immobilium

229 2958 254 2993 a,
279 2919 323 2989 ad
343 2842 615 3010 publicationem
640 2912 748 3008 usque
777 2911 952 3007 praelentis
982 2912 1175 2996 uallatus,
1206 2934 1273 2987 nec
1306 2915 1426 2991 debita

230 3056 255 3091 ,‚
281 3032 360 3087 ante
381 3011 508 3082 ditium
535 3008 626 3081 diem
649 3010 684 3081 in
704 3007 821 3081 fiscum
845 3004 1001 3080 redacta:
1018 3006 1216 3103 firmaque,
1243 3009 1281 3083 δι
1307 3014 1422 3086 valida

230 3151 255 3187 n
281 3110 348 3183 erit
373 3106 556 3202 repartirio
572 3103 689 3187 fabia,
709 3116 769 3178 aut
786 3123 867 3199 quae
891 3102 952 3176 fiet
975 3102 996 3177 a
1020 3102 1185 3200 Principe
1210 3104 1424 3197 ejus-locum

230 3250 253 3283 η
280 3226 442 3287 tenente,
460 3225 519 3279 aut
533 3198 737 3299 substituto,
760 3200 822 3273 sub
842 3201 940 3295 cujus
956 3199 1194 3295 jnrisdietione
1216 3200 1305 3275 illud
1331 3224 1424 3277 atre·

198 3300 201 3308 ’
228 3344 252 3378 n
277 3300 364 3373 stum
390 3298 494 3374 fuerit
509 3298 663 3393 fastum,
690 3320 756 3371 nec
783 3320 935 3393 unquam
960 3315 1127 3391 poterunt
1154 3297 1345 3371 creditores
1371 3320 1423 3373 ta·

227 3438 252 3475 „
277 3400 362 3469 lium
381 3397 595 3483 debitorum,
625 3412 822 3469 autentum
842 3394 995 3468 actiones
1013 3391 1179 3489 habentes
1201 3394 1422 3486 ullomodo,

227 3536 251 3573 .‚
276 3516 336 3565 aut
362 3490 507 3565 alboris
534 3490 650 3565 formd
674 3491 809 3564 admitti
832 3489 876 3561 ad
900 3486 1258 3585 persequendos-illos
1280 3490 1424 3587 inquot

227 3630 252 3670 r>
277 3590 343 3662 illae
359 3590 565 3662 donationes
581 3586 712 3659 fuerint
732 3588 889 3672 collatae,
913 3606 979 3660 nec
995 3607 1058 3657 eos
1075 3586 1136 3681 qui
1154 3583 1287 3673 virtute
1301 3590 1424 3662 talium

225 3726 251 3764 υ
276 3684 527 3768 donationum,
558 3682 935 3777 confiscationumque,
960 3702 1020 3755 eas
1040 3681 1310 3775 persolverunt,
1337 3683 1423 3781 qul·

177 3786 180 3802 '
223 3824 250 3860 r,
275 3778 485 3874 cumquede
503 3780 604 3852 cauli
621 3779 816 3875 hujusmodi
834 3780 951 3853 debita
975 3796 1092 3852 ortum
1117 3776 1322 3869 habuerint,
1348 3798 1423 3854 nou

225 3920 250 3959 „
275 3874 489 3951 obstantibus
520 3877 646 3950 litteris
671 3872 877 3969 quibusdam
907 3873 1159 3969 obligatoriis,
1196 3896 1274 3968 quae
1314 3899 1424 3970 penca

225 4019 249 4054 2,
276 3977 467 4049 creditores
499 3968 566 4044 ess'e
596 3978 761 4066 queant,
798 3995 880 4067 quae
903 3982 1027 4045 omnes
1058 3970 1106 4045 ob
1134 3970 1237 4045 diste
1260 3970 1424 4053 confisca-
1461 4022 1468 4030 -

225 4116 249 4150 r,
276 4073 380 4144 tionis
405 4066 564 4143 effestum
598 4066 761 4162 prasenti
794 4070 868 4144 huc
890 4068 1038 4143 trallatu
1070 4066 1343 4160 rescinduntur,
1383 4071 1423 4149 ἃ
1557 4116 1562 4120 -

226 4206 250 4243 rr
275 4167 543 4241 annichilantur.

223 4294 228 4302 ·
278 4306 300 4339 η
327 4270 359 4340 8.
385 4264 414 4335 F
415 4264 530 4359 ietque
559 4258 618 4333 illa
646 4283 767 4336 mutua
795 4263 969 4357 utrimque
994 4259 1171 4361 'bonorum
1195 4261 1424 4340 immobilium

224 4387 259 4439 „··
276 4380 539 4455 annuorumque
562 4358 760 4437 reddituum
781 4360 977 4437 tedblbitio
1004 4358 1105 4437 diliis
1121 4358 1266 4459 subditis
1272 4410 1286 4451 ,
1307 4362 1346 4436 δι
1363 4360 1425 4431 cli·

221 4483 230 4499 „
279 4454 364 4534 Tua.
389 4456 451 4529 ll.
477 4458 560 4531 Part
587 4478 619 4529 a.
922 4454 1071 4531 Dddd
1151 4532 1159 4545 ,
1290 4451 1426 4537 „eud
