3984 5167
547 514 646 615 494
691 492 725 599 J.
754 486 800 577 u.
827 504 904 578 nn
932 448 1188 578 T'Assrs
1228 476 1625 577 contuntur.

409 700 513 797 3589.
550 686 723 785 coparet)
748 684 844 756 omni
859 705 952 767 arte,
977 706 1019 757 ac
1038 682 1174 755 viribus
1192 678 1345 776 ejusdem
1363 678 1618 755 conservationi
1636 680 1764 761 liuta·

558 812 611 861 ret
629 810 638 857 ε
663 778 777 856 traslu
796 803 912 854 tamen
925 782 1096 873 temporis
1113 780 1201 852 nihil
1217 775 1400 865 obfuisset,
1416 782 1501 874 quin
1517 784 1660 854 tandem
1670 781 1755 857 Rex

551 906 640 960 voto
656 876 769 953 fuisset
785 881 931 974 potitus.
965 875 1031 949 Est
1047 879 1139 950 enirn
1158 901 1285 949 nornen
1302 872 1358 949 Re
1383 880 1458 949 ium
1468 878 1621 951 mirifica
1637 880 1758 955 alaha

432 1058 436 1067 ,
553 980 716 1056 marionis
741 999 782 1049 ac
808 976 976 1049 momenti
1004 973 1098 1070 apud
1116 973 1261 1059 Gallos,
1289 902 1512 1069 ejusdemque
1539 972 1754 1069 praeseutia,

553 1078 688 1152 affiduae
706 1069 1049 1174 repraesentationes,
1073 1070 1365 1156 sollicitationes,
1379 1070 1419 1143 dt
1436 1070 1601 1167 promissa
1625 1078 1754 1168 procul

555 1174 663 1248 dubio
677 1170 843 1269 paulatim
859 1170 1092 1264 plurimorum
1117 1167 1335 1243 subditorum
1359 1170 1590 1262 pertinaciam
1617 1170 1754 1246 emolis-

554 1271 646 1354 sent,
671 1268 722 1341 uti
747 1288 815 1339 nec
839 1263 1032 1361 dubitatur,
1060 1266 1146 1360 quin
1172 1262 1252 1362 post
1274 1284 1451 1360 receptam
1475 1266 1597 1339 urbem
1618 1264 1753 1345 summa

554 1366 708 1463 ejusdem
722 1364 759 1434 in
779 1384 854 1435 earn
870 1360 984 1451 luillet
1012 1359 1273 1437 animadverso.
1288 1361 1379 1454 ⁸Sed
1400 1362 1530 1437 aoeidit
1549 1364 1753 1458 inopinatus

554 1462 670 1553 casus,
698 1461 759 1557 qui
774 1459 919 1533 eandem
939 1457 1101 1557 periculo
1116 1460 1289 1535 liberavit.
1323 1458 1415 1533 Erat
1430 1461 1467 1533 in
1489 1461 1654 1535 coenobio
1671 1465 1755 1537 Diui
1881 1495 1882 1498 ¹

554 1561 715 1635 Dominiri
730 1554 928 1630 Monachus
952 1556 1096 1651 quidam
1119 1558 1247 1653 viginti
1262 1556 1367 1629 trium
1392 1578 1587 1643 annorum,
1610 1561 1754 1655 nomine

375 1646 520 1727 *laeam
557 1657 694 1730 Clrmrru
714 1653 758 1741 ⁸,
783 1655 871 1727 civis
895 1649 1114 1759 Panfienfir,
1146 1656 1301 1729 nondum
1324 1652 1478 1728 initiatus
1497 1652 1631 1743 sacris,
1655 1677 1754 1731 certo
1881 1725 1882 1740 ,

372 1730 520 1793 cmm*
553 1756 700 1830 credens
717 1750 911 1840 Henricum,
937 1753 1076 1843 tyranni
1100 1750 1204 1823 titulo
1216 1748 1306 1847 juste
1325 1753 1453 1834 notari,
1465 1753 1605 1840 volens,
1621 1750 1752 1827 etiamsi

552 1846 701 1950 proprii
716 1867 848 1937 morte,
867 1848 1016 1943 patriam
1029 1846 1157 1921 salvam
1175 1846 1371 1921 admirabili
1381 1849 1458 1922 nelo
1471 1868 1576 1945 atque
1598 1846 1748 1940 effectu,

554 1949 728 2023 Histricum
747 1967 767 2018 e
784 1946 900 2018 medio
919 1944 1042 2017 tollere
1057 1943 1189 2021 secreto
1215 1942 1329 2018 secum
1352 1945 1477 2017 statuit.
1505 1946 1609 2021 Adiit
1634 1968 1751 2042 queat-
1881 1979 1882 1988 Ν

557 2046 639 2119 dam
672 2031 806 2137 reg'iurn
824 2038 1020 2127 fautorem,
1046 2032 1272 2136 simulansque
1286 2041 1321 2115 se
1345 2064 1485 2135 quoque
1498 2040 1589 2134 Regi
1604 2040 1751 2132 favere,

554 2156 717 2237 paratum
735 2134 805 2209 sese
824 2137 974 2232 praebuit
989 2139 1138 2210 eundem
1154 2140 1269 2226 adire,
1286 2140 1325 2215 ἃ
1340 2136 1493 2227 fideliter
1510 2140 1748 2233 litteras,quas

523 2256 526 2268 ’
555 2230 664 2311 vellet'
685 2235 718 2307 ei
733 2236 881 2307 tradere.
922 2232 1084 2330 Credidit
1098 2232 1178 2318 ille,
1203 2234 1394 2309 &litteras
1419 2231 1536 2309 striiie
1561 2238 1750 2331 complica·

557 2351 612 2407 tas
637 2333 671 2405 ei
695 2329 861 2417 tradidit,
886 2330 1093 2426 clemensque
1103 2335 1283 2415 cultrum,
1303 2356 1376 2427 quo
1401 2330 1622 2428 propofitnm
1646 2332 1752 2427 perh·

557 2445 679 2515 ceret,
698 2430 809 2515 emit,
836 2449 985 2523 eumque
1006 2428 1044 2499 in
1060 2430 1195 2501 manica
1215 2432 1364 2503 cucullae
1382 2427 1575 2504 abscondit.
1608 2427 1677 2503 llis
1702 2432 1754 2517 inf
1881 2461 1882 2464 ¹

557 2522 707 2601 strudlua
722 2525 789 2600 ivit
808 2524 1161 2600 &clodovicumnodle
1172 2526 1318 2621 quadam
1330 2547 1412 2599 cum
1427 2545 1655 2620 procuratore
1692 2550 1755 2607 uo·
1790 2546 1793 2549 ⁴

554 2624 640 2703 darn
653 2617 798 2719 Regio,
820 2622 944 2695 mentis
959 2620 1133 2697 Monachi
1158 2624 1303 2695 omnino
1319 2624 1471 2718 ignaro,
1497 2622 1672 2718 maneque
1720 2647 1756 2696 e·

558 2722 651 2817 giam
669 2719 823 2794 intravit.
849 2718 936 2791 Erat
950 2738 1037 2793 tunc
1052 2723 1221 2817 temporis
1235 2714 1316 2792 Rex
1331 2722 1369 2792 in
1382 2718 1550 2793 cubiculo
1567 2718 1753 2794 secretoad

557 2812 745 2895 necessaria
762 2834 893 2889 naturae
909 2812 1026 2889 officia
1040 2817 1263 2914 exequenda,
1277 2816 1453 2891 indicatur
1464 2816 1645 2892 Monacho
1665 2817 1755 2891 lon·

559 2910 759 2996 biculariis,
781 2930 822 2983 ut
842 2911 1075 3005 expellaret,
1100 2913 1284 3009 respondit
1306 2932 1375 2985 tam
1401 2936 1553 3009 inagna,
1576 2914 1753 3011 ardnaqne

559 3004 648 3096 else,
666 3028 746 3101 quae
763 3004 939 3093 adferret,
958 3032 1149 3105 eorumque
1167 3029 1301 3085 tantum
1310 3010 1402 3103 Regi
1417 3006 1595 3095 interesse,
1628 3033 1670 3084 ut
1683 3034 1752 3083 mo-

558 3126 633 3177 ratn
651 3104 780 3176 nnllam
797 3104 1030 3177 admitterent
1062 3104 1185 3202 ltaque
1208 3110 1348 3180 tandem
1362 3105 1443 3180 Rex
1459 3104 1575 3202 pulsus
1585 3106 1755 3182 desiderio

559 3192 711 3288 sciendi,
736 3221 815 3295 quar
845 3196 973 3288 ferret,
994 3200 1086 3295 jullit
1115 3205 1335 3294 Monachum
1360 3204 1545 3280 intromitti
1575 3205 1638 3300 qui
1664 3201 1752 3299 Regi

453 3370 455 3376 ,
558 3297 693 3373 litteras
712 3294 873 3386 tradidit,
898 3320 940 3371 ac
955 3297 1083 3373 deinde
1098 3302 1321 3398 interrogatis
1338 3303 1443 3396 regiis
1459 3300 1545 3395 apte
1557 3301 1754 3396 respondit,
1881 3307 1882 3344 l

561 3394 600 3467 δι
619 3392 761 3467 tandem
775 3392 938 3491 surgente
955 3392 1056 3492 Rege
1076 3450 1088 3483 ,
1117 3388 1242 3472 calceis
1261 3396 1396 3470 dimissis
1412 3395 1586 3471 occasloni
1605 3396 1754 3470 nonde

558 3488 654 3578 fuit,
679 3490 923 3585 cultrumque,
946 3496 1104 3587 quentin
1124 3493 1259 3569 manici
1276 3491 1524 3578 absconderat,
1543 3513 1614 3567 tarn
1631 3492 1755 3568 dextre

381 3582 443 3673 Μ
458 3577 530 3671 ⁰⁰3⁴
561 3586 703 3672 eduxit,
729 3608 770 3659 ut
792 3588 932 3661 licuerit
949 3589 1100 3662 eundern
1121 3593 1159 3664 in
1176 3592 1287 3687 Regis
1308 3589 1510 3665 inferiorern
1525 3592 1759 3664 ventriculum

378 3661 524 3796 {i‘aet'm‘s
562 3683 703 3781 penitus
723 3682 876 3779 adigere.
900 3681 1121 3761 Exclamavit
1143 3684 1226 3763 Rex
1248 3738 1261 3774 ,
1295 3687 1506 3761 advolarunt
1533 3688 1756 3769 cubicularii,

399 3754 472 3798 Μ’
561 3804 713 3878 cumque
729 3780 919 3864 vidissent,
945 3804 1024 3879 quae
1045 3782 1246 3858 accidissent
1262 3782 1498 3871 ,Monachum
1513 3784 1760 3865 trucidarunt,

561 3874 711 3974 Reane
730 3880 775 3953 ad
793 3878 935 3952 stratum
951 3880 1110 3971 delatus,
1130 3904 1204 3955 non
1223 3882 1374 3977 amplius
1398 3880 1548 3976 viginti,
1571 3904 1633 3956 aut
1658 3882 1755 3955 circi·

561 3996 618 4050 ter
636 3974 732 4049 horis
756 3973 965 4071 supervixit:
996 3980 1180 4052 eratenim
1199 3979 1331 4071 lethale
1348 3979 1505 4063 vulnus,
1534 3998 1638 4072 atque
1658 3993 1754 4048 extra

561 4092 702 4143 omnem
721 4074 863 4145 remedii
879 4072 986 4168 spem.
1019 4072 1152 4150 Fertur
1175 4076 1313 4150 Clemens
1331 4128 1343 4163 ,
1364 4093 1553 4170 antequam
1570 4076 1604 4147 id
1618 4072 1756 4145 annus

563 4186 659 4239 certo
684 4166 909 4266 fiisciperet,
942 4166 1059 4243 Priori
1086 4170 1147 4249 sno
1177 4172 1411 4261 intentionem
1429 4170 1527 4245 suam
1546 4164 1762 4253 declarasse,

563 4260 602 4335 δι
622 4284 664 4333 an
680 4264 768 4357 juste
793 4268 915 4341 liceret
935 4286 1123 4371 tyrannum
1139 4271 1301 4349 occidere
1325 4272 1460 4345 interro
1528 4294 1574 4355 e,
1595 4289 1666 4341 nec
1688 4288 1761 4338 non

561 4376 657 4434 ante‘
671 4358 928 4457 Rerfedlionem
952 4386 1101 4463 peccata
1133 4371 1168 4448 ei
1194 4366 1388 4449 consessum
1403 4366 1453 4447 fu'
1484 4392 1529 4466 e,
1554 4364 1641 4545 left
1717 4382 1768 4431 ve-

1459 4489 1466 4499 ·
1611 4482 1690 4559 unp
1743 4479 1764 4531 e

1015 4679 1032 4719 l
