3984 5167
533 509 618 602 344
673 478 706 588 J.
736 478 884 567 1111
920 466 1167 564 TASSIS
1207 462 1597 619 COMMEMT.

292 650 305 658 “
382 708 485 789 1579.
582 718 605 755 ‚2
630 668 762 749 XXVI.
785 667 955 764 Idemque
971 666 1136 751 fietillia,
1159 666 1281 761 quiex
1300 664 1343 737 iis
1359 662 1554 740 Provinciis
1571 686 1633 740 aut
1655 665 1727 760 janu

536 817 560 855 η
585 768 797 846 excefferunt
808 820 817 853 ,
830 786 890 839 aut
906 767 1009 839 etiarn
1024 763 1191 837 excedere
1209 762 1331 835 volent
1348 784 1391 836 ex
1408 762 1474 836 suis
1493 762 1729 853 monasteriis,

537 871 691 963 „idque
721 867 766 939 de
799 862 901 935 bonis
934 860 1072 934 suorum
1095 859 1378 931 monasteriorum
1405 863 1464 932 vel
1493 882 1730 933 conventuum

539 1010 562 1047 o
587 990 653 1060 pto
670 983 743 1035 rata
759 960 964 1034 eorumdem
984 958 1122 1050 valoris.
1172 954 1244 1028 lllie
1267 958 1355 1031 vero
1372 958 1501 1051 quibus
1525 954 1603 1052 post
1625 958 1732 1051 hujut

539 1106 563 1142 n
588 1057 692 1135 edicti
708 1058 1006 1153 publicationem,
1029 1054 1153 1129 dedere
1164 1046 1203 1124 se'
1214 1055 1401 1147 contigerit
1412 1055 1496 1125 vitae
1511 1048 1731 1140 monasticae,

416 1180 422 1187 ¹
540 1202 565 1239 o
591 1160 628 1233 &
654 1154 774 1251 pollea
796 1174 871 1226 earu
894 1151 1177 1245 dereliquerint,
1208 1150 1303 1222 nulla
1331 1149 1471 1224 dabitur
1496 1151 1732 1237 alimenratio,

542 1298 566 1333 ‚‚
591 1253 648 1325 sed
673 1270 841 1346 poterunt
855 1245 969 1323 secum
996 1244 1123 1319 efferre
1137 1244 1310 1339 quidquid
1326 1266 1371 1318 eo
1385 1246 1577 1322 intulerint.
1621 1248 1734 1321 Caete-

544 1395 568 1431 »
593 1360 669 1423 ruin
699 1366 820 1419 omncs
848 1346 968 1440 quiin
999 1342 1259 1439 praesentiarum
1279 1344 1319 1413 >in
1340 1342 1554 1415 monasteriis
1583 1340 1733 1437 degunt,

544 1490 567 1527 η
593 1466 652 1519 aut
670 1445 835 1534 deinceps
853 1444 897 1515 ed
917 1436 951 1513 fe
967 1440 1168 1521 conferent,
1188 1436 1348 1511 fruentur
1358 1437 1526 1532 praedrela
1542 1436 1734 1535 Religionis

498 1596 501 1601 ·
545 1588 568 1623 ,,
593 1544 778 1622 libertate,
796 1538 839 1610 2&
855 1556 1021 1631 poterunt
1040 1539 1083 1609 ad
1100 1536 1236 1607 libitum
1251 1536 1325 1607 aliis
1343 1536 1396 1607 uti
1414 1535 1639 1618 vestimentis,
1649 1535 1737 1609 dum

546 1682 570 1725 η
595 1636 782 1713 incaeteris
800 1635 967 1707 obediam
985 1632 1054 1707 suia
1073 1631 1265 1728 praefestia,
1293 1654 1336 1705 ac
1351 1630 1597 1726 superioribus.

516 1742 520 1753 '
596 1776 619 1811 ‚‚
644 1728 796 1805 11111111.
822 1728 1210 1824 .Sicontingerit(quod
1222 1726 1321 1801 Deua
1344 1732 1512 1817 avertat)
1546 1729 1627 1801 oriri
1647 1730 1740 1802 inter

545 1876 572 1913 „
598 1829 707 1903 1111111
729 1826 933 1899 Provincias
954 1829 1104 1921 aliquam
1118 1822 1388 1899 controuerfiam
1403 1844 1462 1897 aut
1485 1822 1740 1915 dill'enfionem,

550 1972 575 2009 ‚‚
596 1928 728 2019 deque
749 1942 819 1997 non
835 1920 973 2018 poffunt
987 1925 1078 1996 inter
1093 1920 1127 1995 se
1142 1926 1350 2007 convenire,
1368 1918 1397 1993 sr
1414 1942 1455 1993 ea
1473 1920 1578 1994 fuerit
1592 1940 1742 1995 tantum-

551 2068 574 2105 „
600 2026 705 2096 niodo
723 2016 902 2114 singularis
920 2021 1024 2092 unius
1039 2020 1237 2093 Provineiae
1248 2067 1261 2105 ,
1282 2039 1367 2091 tunc
1418 2021 1598 2092 eneraliter
1623 2042 1743 2093 omnes

551 2166 575 2200 ‚‚
602 2118 697 2204 aliae,
723 2138 782 2188 aut
804 2137 919 2189 earum
935 2117 1095 2211 deputari
1115 2136 1172 2188 eas
1187 2135 1378 2189 controver
1392 2136 1440 2185 rat
1458 2112 1744 2211 diilenfionesque

554 2260 578 2296 „
603 2216 786 2295 decident,
813 2210 836 2283 st
860 2235 946 2287 vero
965 2213 1135 2306 generalis
1159 2211 1265 2285 fucrit
1288 2211 1466 2295 omn-iun,
1486 2233 1575 2285 runc
1588 2213 1624 2284 id
1633 2212 1744 2311 ipsum

555 2356 579 2392 ‚‚
604 2310 733 2384 facient
747 2311 863 2381 locum
881 2328 1060 2395 tenentes,
1073 2306 1160 2382 sicut
1176 2286 1277 2402 lbpta
1294 2305 1457 2393 statuturo
1473 2308 1620 2383 articulo
1631 2332 1747 2393 nono,

556 2453 580 2489 „
606 2406 644 2479 dt
661 2406 803 2481 debebit
818 2407 904 2477 illud
923 2404 1027 2494 lieri,
1050 2424 1110 2477 aut
1137 2425 1254 2499 partes
1285 2404 1329 2475 ad
1354 2406 1576 2479 concordiam
1605 2408 1745 2490 reduci,

558 2550 582 2585 „
607 2502 719 2599 spatio
738 2503 838 2575 unius
855 2500 979 2575 menfis
997 2502 1078 2595 post
1092 2502 1243 2595 partium
1260 2500 1488 2595 petitionem,
1513 2523 1574 2574 aut
1597 2503 1697 2577 citius
1721 2502 1747 2576 11

557 2645 581 2682 η
603 2599 781 2675 necellitas
796 2595 972 2694 postulet,
986 2596 1024 2671 dt
1043 2596 1217 2694 quidquid
1232 2618 1291 2671 aut
1305 2620 1370 2691 per
1387 2594 1747 2681 Provincias,earum·

557 2743 581 2778 ‚‚
599 2722 676 2794 que
703 2698 910 2791 deputatos,
941 2714 1001 2768 aut
1031 2715 1096 2789 per
1114 2696 1231 2767 locum
1259 2714 1420 2769 tenentes
1443 2692 1546 2789 super
1570 2691 1749 2771 eodecre·

558 2838 581 2873 n
608 2814 682 2866 tum
699 2791 822 2875 fuerit,
846 2792 882 2863 id
900 2790 1082 2885 prolirmo
1105 2792 1142 2865 ἃ
1157 2788 1317 2861 absoluto
1329 2791 1583 2879 habebitur,ita
1599 2812 1637 2865 ut
1656 2796 1750 2868 nulla

559 2934 583 2969 „
607 2890 722 2961 ualeat
735 2888 880 2961 ulterior
897 2886 1054 2981 partibus
1074 2887 1162 2985 juris
1177 2885 1358 2971 instantia,
1380 2885 1450 2961 five
1466 2910 1531 2982 per
1547 2891 1751 2985 appellatio-

558 3030 583 3063 „
608 3006 705 3066 nem,
733 2980 968 3072 revisionem,
1003 2980 1169 3058 11111111
1188 2982 1316 3079 quovis
1339 2985 1470 3072 modo,
1493 3008 1567 3081 quo
1589 3008 1669 3061 aute
1698 2988 1752 3062 uri

560 3124 584 3162 o
610 3075 941 3154 fuerit'consnet-un.

608 3220 633 3257 „
660 3172 825 3251 XXVlll.
850 3175 1065 3262 Provinciae,
1086 3175 1661 3272 Civitatesaearunquemembra,
1677 3181 1754 3251 nul·

559 3318 584 3354 „
609 3277 678 3347 lam
694 3272 778 3347 belli
797 3270 1008 3366 prebebunt
1020 3270 1235 3346 occasronem
1251 3271 1489 3371 Principibus,
1507 3274 1664 3370 Regulis,
1680 3270 1754 3349 Re'·

560 3415 587 3451 η
606 3370 773 3468 ‹gionibus
802 3369 840 3443 &
863 3368 1077 3444 Civitatibus
1098 3372 1252 3459 exteris,
1286 3394 1394 3467 utque
1419 3374 1503 3446 huic
1530 3375 1754 3446 incommodo

563 3510 589 3546 n
605 3468 763 3542 exactius
779 3468 1030 3561 provideatur,
1053 3468 1265 3540 'tenebuntur
1289 3469 1451 3543 omnibus
1478 3466 1549 3543 five
1572 3467 1657 3557 suit,
1682 3466 1754 3542 five

563 3606 588 3644 η
614 3567 740 3651 exterit
763 3560 999 3659 administrare
1015 3565 1154 3658 plenam
1166 3560 1343 3659 Justitiam.
1369 3566 1417 3638 Et
1430 3563 1456 3637 sr
1470 3565 1759 3660 contigeritillud

563 3702 587 3739 η
613 3659 656 3732 ab
683 3659 859 3753 aliquibus
882 3680 953 3730 non
974 3658 1077 3743 fieri,
1098 3661 1230 3756 ‚reliqui
1252 3659 1481 3737 confoderati
1504 3666 1675 3736 curabunt
1704 3664 1758 3735 uti

564 3800 589 3837 ‚,
614 3754 699 3843 fiat,
732 3778 773 3829 ac
803 3752 1020 3839 studebunt,
1050 3775 1090 3829 ut
1113 3759 1228 3829 omnia
1254 3778 1294 3829 ea
1324 3782 1404 3852 quae
1431 3755 1571 3853 justitiae
1596 3756 1760 3841 obstant,

564 3895 589 3931 o
615 3850 755 3949 ejusque
794 3854 1036 3927 executionem
1070 3854 1283 3950 impediunt,
1317 3851 1580 3943 rescindantur,
1609 3878 1651 3927 ac
1676 3854 1760 3927 abo-

565 3992 590 4029 „
615 3951 751 4024 leantur
778 3952 877 4046 juxta
902 3945 1092 4047 Privilegia
1119 3948 1158 4024 &
1191 3949 1469 4027 Consuetudines
1494 3949 1761 4049 uniuscujusque

564 4087 589 4123 η
616 4042 822 4120 Prouinciae.

618 4181 641 4217 o
666 4140 793 4213 1111111.
819 4140 942 4218 Nullae
955 4141 1177 4233 Provinciae,
1202 4144 1399 4230 Civitates,
1422 4144 1632 4221 velillarum
1652 4168 1765 4219 mem·

563 4276 593 4317 ,‚
615 4236 679 4309 bra
693 4255 862 4331 poterunt
884 4240 920 4311 in
948 4242 1112 4315 damnum
1135 4242 1299 4328 alteriue,
1333 4244 1422 4317 citra
1444 4241 1644 4319 consensum
1666 4264 1765 4317 com·

560 4374 591 4418 1
616 4353 758 4413 munem
781 4336 965 4435 imponere
992 4360 1087 4418 nove
1117 4338 1467 4441 aliquareffigalia,
1498 4340 1660 4429 tributa,
1683 4341 1768 4411 alia·

1643 4477 1667 4516 tr
1690 4452 1770 4533 que
