3984 5167
451 514 746 661 traua
805 515 1205 611 sextus.
1349 548 1435 641 425

219 726 278 785 ⁸'ac
299 708 610 807 genum-optime
629 710 674 783 de
702 708 821 785 Gallia
836 712 987 794 merito,
1021 708 1251 785 conservare:
1290 715 1431 813 seseque
1481 724 1583 809 1580,

233 806 387 883 fauturos
407 809 502 900 quod
517 806 654 901 pollent
674 804 709 875 in
728 807 832 881 Duce
851 807 871 879 st
889 809 1013 901 coeptis
1027 808 1246 889 ,divertendo
1266 834 1275 881 ε
1304 812 1430 887 asleve-

233 925 311 977 rare
337 925 450 975 tamen
476 926 520 977 eo
542 901 607 976 elle
622 905 764 997 ingenio
777 906 954 999 juvenem,
967 926 1115 995 eumque
1138 904 1306 975 libertatis
1324 930 1428 1002 atque

232 1000 481 1073 inobedientiae
497 998 643 1095 gradum
667 999 836 1093 attigisse,
852 1019 889 1069 ut
907 1020 978 1069 non
993 996 1133 1091 'semper
1151 1002 1209 1071 vel
1220 998 1351 1071 Fratris
1370 1010 1428 1077 vel

231 1095 359 1167 Matris
388 1094 530 1169 monitis
556 1096 795 1190 mandatisque
826 1093 1083 1259 acqlpiesceret‚
1106 1094 1177 1166 imo
1206 1117 1251 1167 eo
1275 1100 1428 1169 audaciae

228 1187 469 1285 progreffum,
493 1213 531 1264 ut
550 1190 587 1261 &
604 1212 727 1261 contra
748 1189 860 1284 ipsum
919 1212 1016 1282 egem
1045 1190 1212 1281 amplexis
1238 1191 1428 1287 Hugenot·

230 1306 348 1361 torum
360 1286 553 1379 partibus,
584 1280 768 1377 aliquoties
786 1284 852 1355 sese
863 1287 1037 1355 extollere
1055 1284 1152 1357 ausus
1169 1284 1285 1361 fuerit.
1324 1288 1428 1362 Erat·

198 1426 201 1433 ·
228 1380 609 1479 que-reverae'usdem
629 1382 807 1472 ingenium
824 1381 907 1463 tale,
934 1401 1074 1473 tamque·
1090 1382 1318 1457 ambitiosum.
1352 1384 1427 1457 lta·

256 1503 300 1551 ue
315 1478 448 1551 cintius
470 1406 602 1569 lenper
617 1475 675 1548 ille
691 1476 849 1569 plurimis
866 1472 1016 1567 ejusdem
1037 1469 1156 1547 fariuae
1172 1479 1368 1554 domesticis
1383 1505 1425 1555 ac

226 1504 457 1669 {quacibum
481 1573 567 1645 velis
583 1568 751 1665 remisque
769 1592 806 1643 ut
829 1570 973 1653 dicitur,
1004 1570 1100 1641 nulla
1121 1595 1284 1666 umquam
1307 1577 1426 1649 habita

226 1671 342 1745 debiti
362 1692 403 1742 ac
425 1666 560 1741 honesti
576 1666 730 1751 ratione,
755 1666 800 1741 ad
816 1666 852 1736 id
867 1664 979 1737 solum
994 1666 1090 1759 quod
1105 1668 1141 1737 in
1157 1692 1229 1741 rem
1247 1666 1340 1745 suam
1356 1670 1423 1747 effe

252 1766 394 1851 umber,
419 1761 592 1836 obstinate
608 1763 780 1835 tendebat.
801 1759 978 1854 Scripsere
994 1782 1109 1835 tamen
1125 1766 1168 1836 ad
1186 1788 1266 1837 eum
1280 1766 1421 1856 Frater,
1461 1761 1562 1837 Officia

287 1882 434 1955 terque,
461 1856 704 1954 atquemlse‘re
723 1860 783 1951 qui
798 1859 902 1952 Regis
919 1860 1059 1931 nomine
1071 1858 1232 1951 juberent
1240 1858 1417 1938 desistere:
1449 1843 1576 1978 {nutura

220 1962 291 2035 ivit
324 1958 368 2031 ἃ
397 1954 471 2051 ipsa
499 1957 628 2030 Mater.
680 1952 823 2041 Quibus
847 1953 1000 2049 publicis
1027 1968 1068 2027 a'c
1081 1956 1291 2055 extrinsecis
1317 1958 1420 2032 bonae
1455 1939 1593 2059 M‘fflfff

220 2054 423 2129 voluntatis
452 2050 826 2139 demonstrationibus,
867 2050 1009 2125 abunde
1035 2046 1137 2146 Tafflo
1160 2054 1327 2129 volebant
1351 2055 1420 2131 elle
1454 2074 1585 2157 &Regis

117 2234 119 2241 ,
216 2146 434 2227 satisfablum
445 2175 455 2233 3
470 2146 528 2223 sed
548 2172 592 2223 an
611 2148 841 2221 baecomoino
857 2144 1011 2229 streete,
1028 2150 1153 2229 merito
1174 2151 1417 2241 dubitabatur,
1455 2158 1580 2214 Fraude

219 2247 385 2345 quamvis
414 2246 505 2317 enim
540 2264 674 2318 certum
706 2241 789 2315 esset
814 2244 987 2317 Henrr'cum
1016 2243 1162 2317 alrebus
1199 2247 1331 2321 bellicis
1359 2250 1417 2321 ab·
1455 2234 1561 2328 ΜΡ·

217 2348 368 2421 horrere
385 2360 399 2430 ·,
434 2341 590 2435 nihilque
617 2338 726 2431 magis
753 2361 916 2432 expetere
940 2338 1045 2434 qulm
1067 2336 1196 2433 Regno
1223 2342 1259 2414 in
1286 2344 1419 2417 deliciis
1455 2328 1508 2445 ΞΤ
1522 2314 1588 2447 2¹22]

217 2443 345 2539 quiete
365 2435 454 2523 frui,
480 2438 528 2509 ita
552 2455 669 2507 tamen
689 2435 816 2505 malum
843 2432 957 2507 fratris
1006 2436 1123 2507 euium
1149 2436 1417 2528 reformidabat,
1448 2407 1542 2542 pff„

219 2558 262 2613 ut
289 2535 494 2609 crederetur
518 2531 626 2603 laetari
649 2527 806 2615 secreto,
832 2528 928 2624 quod
949 2457 1020 2603 leffe
1046 2532 1199 2604 externis
1226 2533 1419 2626 implicaret
1456 2545 1535 2601 renus

218 2630 405 2794 motibus,
430 2626 662 2723 quatenuseis
680 2626 867 2793 amplexis,
891 2623 960 2697 sese
981 2648 1023 2697 ac
1040 2622 1202 2719 Regnum
1228 2627 1417 2702 altumulti·
1457 2620 1577 2699 3⁶²8&ss

221 2731 294 2805 bus
313 2725 358 2795 be
374 2726 479 2817 loque
498 2723 677 2797 eximeret.
764 2720 889 2815 enique
915 2719 1031 2793 Mater
1058 2719 1206 2815 idipsum
1228 2745 1418 2819 appetens,
1455 2699 1598 2848 w&

215 2826 413 2914 inceperat
428 2816 466 2891 δι
488 2818 626 2891 aliunde
642 2816 815 2913 predicte
836 2814 1281 2912 Portugulliaesucoeffionis
1293 2820 1417 2911 causa,
1455 2854 1600 2932 ΜΝ.

217 2919 371 2995 occulto
389 2916 424 2988 in
441 2916 619 3009 Philippum
637 2915 775 2989 incendi
798 2912 901 2988 odio:
928 2912 1119 2987 undeDtrx
1133 2938 1200 2988 uec
1221 2914 1310 2988 serio
1325 2942 1418 2992 com·
1454 2935 1563 2993 tacturas

219 3016 410 3100 monitus,
444 3034 510 3085 nec
538 3014 583 3083 im
612 3011 752 3093 editus,
776 3028 962 3105 utrumque
988 3012 1190 3106 negligens,
1216 3013 1418 3088 Cornutorum
1454 3008 1541 3088 causa.

215 3109 431 3206 tempestivus
454 3104 543 3183 milit
613 3108 764 3179 ominum
788 3106 846 3179 :De
867 3108 1003 3201 Boliguy
1018 3162 1029 3196 ,
1047 3131 1140 3181 eum
1162 3109 1334 3203 expeditis
1357 3114 1417 3184 ali·
1453 3176 1483 3212 ,.

216 3228 316 3303 quot
330 3206 465 3301 copiis,
482 3205 544 3298 qui
562 3203 704 3275 Inrbiutn
721 3200 974 3283 consolaretur,
1005 3227 1046 3276 ac
1064 3203 1276 3279 constantem
1294 3209 1330 3277 in
1346 3204 1416 3280 fide
1452 3175 1577 3311 dm

172 3354 182 3369 .
213 3305 400 3377 retineret.
453 3297 528 3394 lpse
542 3300 629 3372 vord
646 3320 724 3379 mum
739 3299 810 3394 jam
826 3296 1035 3373 adventasset
1062 3298 1159 3369 aestas
1175 3301 1264 3398 anni·
1283 3300 1416 3372 millesr·
1452 3327 1558 3387 Valen-
1590 3346 1595 3355 ·

214 3400 297 3479 mi,
317 3394 599 3492 quingentesimi,
619 3392 839 3489 oetuagesrmi
853 3396 978 3490 primi,
991 3390 1221 3487 transsataque
1238 3393 1416 3469 effetAula
1449 3424 1537 3464 cene.

215 3490 341 3585 Regia
355 3493 449 3584 Blrfis
461 3495 621 3561 Lutetiam
639 3486 832 3581 Puristorum
845 3492 909 3575 ,in
927 3486 1086 3562 Picardia
1104 3512 1174 3563 non
1191 3511 1414 3565 contemnen·
1452 3524 1522 3581 D„
1533 3526 1593 3583 A,

218 3592 311 3663 dum
327 3588 448 3659 habuit
465 3590 674 3673 exercitum,
699 3608 772 3679 quo
783 3609 870 3659 cum
884 3584 1112 3658 Cameracum
1130 3585 1258 3659 versus·
1269 3611 1414 3661 movens
1449 3605 1583 3677 aegaeon·

212 3684 328 3759 facile
355 3684 528 3755 civitatem
555 3684 773 3777 (recipiente
796 3681 830 3755 se
848 3682 1076 3757 Valentiorum
1102 3682 1121 3720 '
1145 3686 1344 3772 Parmense)
1370 3687 1412 3755 ab
1441 3676 1580 3751 fisem-

208 3776 404 3856 obfidioue
423 3775 611 3864 liberasset,
637 3780 816 3872 amiceque
839 3780 1067 3871 perinthium
1092 3778 1127 3847 in
1155 3780 1334 3851 civitatem
1360 3781 1409 3849 in·
1448 3774 1536 3815 runem
1552 3776 1593 3895 οἱ·

209 3873 426 3959 notanus,
452 3896 531 3946 cum
547 3897 677 3967 paucos
693 3872 744 3945 ibi
759 3874 833 3947 dies
854 3871 1066 3957 substitisset,
1089 3874 1245 3945 absoluto
1261 3877 1411 3952 civitatis
1445 3850 1547 3983 m,
1568 3848 1592 3972 ,³

208 3972 379 4063 arcisque
391 3972 546 4043 dominio
562 3970 668 4063 potiri
684 3971 824 4052 volens,
835 3970 986 4061 quodam
1003 3968 1059 4041 die
1077 3968 1207 4039 visendi
1220 3988 1411 4062 praetextu,
1439 3988 1491 4061 suo
1513 3934 1576 4068 aff.

215 4093 292 4147 tam
311 4068 444 4161 ingenti
462 4066 630 4137 nobilium
656 4086 801 4137 numero
821 4065 1007 4136 comitatus
1023 4086 1135 4135 arcem
1156 4062 1321 4155 ingressus
1337 4068 1410 4153 est,
1439 4063 1534 4138 stenae

217 4186 262 4237 ut
283 4163 392 4255 ejeuo
415 4159 596 4254 praefidio,
622 4164 657 4235 in
686 4158 871 4233 Gallorum
891 4158 1095 4253 potestatem
1123 4159 1258 4234 renarra
1285 4158 1421 4249 fuerit-,⁹
1445 4161 1500 4201 ‘m
1525 4165 1572 4202 Ψ·

214 4258 395 4354 pauloque
414 4256 493 4351 post
516 4254 645 4331 obsella
670 4259 812 4331 civitate
841 4252 1001 4346 Curnbrefi
1018 4258 1127 4350 vulgo
1145 4258 1253 4348 dille,
1276 4283 1353 4341 cum
1374 4262 1410 4335 &
1444 4224 1591 4365 Ξξζᾞξέ.

267 4348 359 4425 Tuur.
384 4354 444 4425 ll.
470 4354 553 4427 Pers
579 4352 610 4427 i.
782 4422 785 4431 ,
868 4346 994 4425 Hblr'
1373 4376 1413 4426 ea
1443 4376 1530 4435 artur.
