3984 5167
450 436 455 445 ’
545 510 629 595 3η
687 484 721 594 J.
751 482 798 573 n
826 508 900 573 mr
935 476 1190 575 nassis
1231 456 1623 576 couniunt.

395 684 499 775 1578·
544 724 568 759 η
593 682 683 852 hire,
715 678 849 773 aliaque
873 678 990 751 omnia
1017 700 1141 777 agere,
1174 696 1252 773 qua
1286 678 1431 774 proptia
1456 674 1589 749 suerint
1621 676 1750 775 cuique
1878 668 1879 671 ‘

512 792 569 860 ',‚
630 780 673 849 eli
699 777 781 847 iuni.

455 943 477 964 ,.
564 865 619 952 -ἠ
646 800 822 946 Οξεῑεωω
844 872 907 944 ubl
929 872 1078 944 liberum
1107 867 1303 967 Religionis
1329 869 1535 943 exercitium
1563 892 1634 944 nou
1665 874 1753 960 erit,

549 1013 573 1051 ‚‚
596 973 690 1044 nulla
707 970 759 1041 ibi
775 970 954 1063 quisquam
973 966 1128 1061 respesiu
1154 968 1368 1063 Religionis,
1394 970 1438 1038 de
1454 968 1519 1050 iis,
1544 992 1625 1063 quae
1644 972 1755 1063 egerit
1878 1026 1879 1029 ,

549 1106 573 1147 n
596 1070 636 1144 lu
656 1068 766 1137 donro
779 1064 858 1149 sud,
884 1062 1053 1137 afficietur
1071 1065 1245 1151 molestis,
1273 1086 1313 1137 ac
1331 1062 1528 1135 vexatione.

566 1212 569 1223 -
599 1206 623 1241 „
648 1162 821 1254 Jubenrus
840 1158 996 1255 expresse
1009 1158 1070 1231 sub
1088 1162 1199 1255 poenis
1216 1159 1319 1255 supra
1337 1156 1457 1247 ditiis,
1483 1158 1666 1256 utriusque
1683 1160 1754 1236 Re

552 1302 576 1337 „
599 1260 739 1354 ligionis
756 1258 936 1339 omnibus,
961 1258 1214 1354 cujuscumque
1242 1258 1436 1353 qualitatis,
1460 1276 1521 1327 aut
1542 1258 1753 1335 conditionis
1878 1272 1879 1277 ’

552 1397 577 1435 ‚‚
601 1356 752 1439 suerint,
777 1376 825 1426 ne
846 1355 995 1425 invicem
1022 1354 1257 1436 conturbent,
1292 1373 1353 1425 aut
1380 1373 1510 1425 vexent
1537 1354 1672 1439 verbu,
1696 1356 1753 1427 rel
1878 1386 1879 1391 ¹

402 1475 408 1480 ·
552 1494 578 1531 n
601 1474 710 1546 opero
731 1453 766 1522 in
783 1450 950 1522 exercitio
966 1448 1039 1521 suae
1059 1450 1273 1545 Religionis,
1299 1470 1377 1547 quae
1401 1448 1445 1521 ab
1463 1446 1504 1521 ed
1531 1452 1752 1547 dependent,
1878 1494 1879 1537 g

554 1590 579 1626 n
604 1544 816 1642 respcblive',
840 1568 954 1640 neque
976 1544 1012 1617 se
1027 1544 1228 1629 offendant,
1254 1549 1312 1621 vel
1327 1543 1562 1619 scandalisent.
1878 1544 1879 1577 ³

604 1688 626 1720 η
653 1642 849 1715 abstinebit
870 1638 1100 1739 unusquisque
1116 1645 1360 1719 adireloeutn.
1387 1642 1546 1735 ubialia,
1572 1664 1676 1737 quarn
1693 1640 1754 1716 sua
1878 1674 1879 1731 g

556 1738 748 1832 „Religio
779 1737 1019 1824 exercebitur,
1048 1738 1107 1811 nili
1135 1740 1223 1811 velit
1252 1742 1321 1813 boc
1340 1738 1454 1814 facete
1481 1736 1550 1812 fine
1573 1738 1751 1823 scandalo,
1878 1734 1879 1771 ³

556 1878 583 1914 ‚‚
606 1855 777 1931 geretque
799 1830 832 1905 se
861 1831 1048 1908 secundum
1072 1834 1217 1918 statuta,
1242 1834 1280 1906 &
1313 1832 1391 1910 usus
1415 1833 1667 1920 Ecclestarum,
1689 1838 1752 1911 vel
1878 1864 1879 1897 τ

557 1974 585 2011 ‚‚
606 1934 816 2025 templorum
828 1952 912 2003 cunr
923 1931 971 2002 ibi
988 1929 1114 2014 suerit,
1138 1932 1246 2030 idque
1262 1930 1323 2007 snb
1337 1930 1458 2005 iisdem
1475 1934 1607 2027 poenis:
1633 1953 1756 2008 omnes

557 2071 582 2107 η
608 2022 990 2120 Μοῆαεὴί,1ὶε113ἰοῆ,
1016 2027 1142 2123 aliique
1159 2026 1390 2104 Ecclesiastici
1412 2034 1594 2125 potientur
1609 2028 1679 2104 suis¹
1693 2029 1756 2103 bo·

558 2165 586 2205 ,a
608 2125 680 2208 uis,
706 2123 870 2208 decimis,
895 2121 1038 2219 aliisque
1055 2123 1186 2217 iuribus
1206 2122 1336 2213 libere,
1363 2123 1399 2197 &
1429 2126 1556 2222 absque
1578 2126 1650 2201 utta
1675 2148 1755 2201 ton·

561 2250 595 2301 o.
609 2218 837 2309 ttadlslione,
861 2239 922 2291 aut
937 2219 1104 2295 molestis.

610 2359 635 2395 „
661 2314 702 2389 ld
728 2337 814 2390 vero
833 2317 921 2389 citra
944 2316 1187 2415 praejudicium
1202 2314 1469 2420 provinciarum
1480 2318 1700 2407 Hollandiae,
1718 2318 1755 2392 dt

561 2454 587 2491 n
611 2412 815 2501 Zelundiae,
851 2414 911 2486 ubi
937 2413 997 2489 res
1018 2412 1098 2486 esln
1124 2414 1297 2487 bonorum
1321 2414 1365 2489 ad
1397 2414 1657 2493 Ecclesiasticus
1680 2438 1758 2513 per·

562 2550 592 2588 n-
610 2509 821 2592 tinentlum,
845 2436 1088 2584 observabitur
1118 2510 1297 2584 Articulus
1324 2511 1508 2605 vigelimus
1543 2516 1677 2610 primus
1701 2526 1760 2611 pa·

562 2646 591 2686 n
612 2608 662 2681 cis
680 2602 945 2699 Gundavenlis,
970 2609 1084 2683 donec
1092 2604 1247 2683 Ordines
1263 2610 1436 2705 generales
1457 2610 1558 2681 aliter
1572 2610 1761 2683 statuerint.

502 2792 506 2796 ‚
611 2746 635 2781 n
660 2702 833 2795 „iubemus
857 2726 902 2777 ne
930 2724 1137 2790 cantentur,
1161 2703 1219 2777 vel
1238 2702 1379 2798 publice'
1410 2708 1549 2781 venales
1572 2704 1757 2781 circums-

523 2846 526 2849 ·
564 2840 587 2878 n
613 2819 732 2873 renuit
742 2800 927 2873 cantilena
940 2798 1143 2897 composltae
1157 2820 1202 2872 ex
1225 2800 1357 2896 injuriis
1374 2804 1432 2877 vel
1446 2803 1763 2889 contumeliis‚nec

564 2936 589 2974 n
614 2896 695 2967 talia
710 2896 882 2977 carmina,
901 2894 1032 2981 libelli,
1056 2916 1117 2971 aut
1136 2896 1265 2991 scripta
1282 2893 1432 2986 famosa,
1457 2921 1547 2973 neve
1565 2900 1764 2995 impriman-

564 3031 589 3069 η
612 3008 688 3078 tur,
711 3008 772 3063 aut
788 2990 983 3066 vendantur
1001 3014 1045 3066 ex
1065 2994 1187 3089 quatio
1214 3012 1341 3089 parte,
1367 3012 1407 3066 ut
1436 2992 1483 3073 nc
1509 2996 1761 3071 irritationibus

564 3124 590 3166 η
613 3086 734 3159 melius
758 3105 933 3161 caveatur.
1168 3088 1173 3093 ’
1742 3136 1745 3139 -

614 3225 638 3262 η
663 3181 865 3266 lubibernus
881 3182 1043 3262 ontrdbua
1062 3184 1231 3259 Miniſtris
1242 3235 1253 3273 ,
1276 3182 1436 3279 aliisque,
1462 3185 1523 3281 qui
1535 3204 1595 3260 aut
1610 3190 1760 3276 docent,

566 3320 591 3361 n
615 3297 675 3354 aut
695 3278 967 3368 concionantur,
991 3280 1235 3379 cujuscumque
1254 3278 1319 3354 sint
1333 3280 1546 3377 Religionis,
1572 3285 1661 3361 nibil
1677 3306 1760 3381 pro·

450 3434 453 3437 .
567 3418 593 3456 n
616 3375 750 3463 serant,
775 3378 871 3471 qnod
890 3376 1095 3474 seditiones,
1120 3382 1179 3453 vel
1205 3380 1375 3452 tuntultus
1398 3376 1518 3475 sapiat.

616 3516 640 3550 η
665 3473 733 3546 Sed
749 3469 782 3544 se
799 3495 922 3567 gerant
940 3472 1116 3563 modeste,
1143 3470 1180 3549 dt
1202 3474 1345 3551 honeste
1364 3476 1451 3549 nihil
1472 3475 1564 3547 aliud
1580 3475 1762 3559 docendo,

566 3608 593 3648 u
617 3591 724 3735 quagn
739 3568 838 3664 quod
851 3570 1066 3647 auditoribus
1081 3568 1296 3645 ustruuioni
1312 3570 1379 3647 else
1407 3572 1507 3667 pollit
1517 3621 1531 3660 ,
1560 3569 1622 3649 sub
1649 3574 1761 3669 poenit

497 3680 507 3699 ⁰
568 3705 593 3746 n
618 3684 659 3739 Ut
695 3688 717 3737 u
746 3686 796 3737 ra.

618 3803 642 3845 η
667 3684 851 3837 hsibemt
875 3760 937 3835 sub
962 3759 1081 3834 iisdem
1114 3765 1226 3856 poenis
1256 3757 1416 3836 omnibus
1442 3762 1634 3849 militibus,
1658 3760 1765 3860 cujus·

569 3898 594 3936 ’'
618 3856 1079 4033 llllldlllsltll’
1103 3856 1542 4033 istisiissldliq⁰i
1552 3917 1562 3949 ’
1578 3862 1652 4037 tlt}
1668 3860 1763 4033 ‘¹⁰23

570 3994 595 4032 n
786 3982 805 4031 e
1211 3982 1246 4030 'r
1489 3982 1509 4031 a
1560 3984 1576 4033 r

570 4089 594 4128 n
619 4049 855 4127 dissentiones.
1069 4010 1081 4047 '
1202 4137 1206 4145 ,
1356 3978 1380 4055 p
1537 4066 1545 4079 “’
1614 4038 1617 4045 ’
1670 4014 1683 4048 ⁹

617 4187 642 4223 n
666 4144 883 4228 Reformatae
904 4144 984 4223 Rest
1011 4150 1019 4168 ⁸
1045 4150 1100 4223 nia
1126 4170 1247 4225 ornnes
1269 4150 1305 4221 in
1332 4146 1549 4241 Houandta,
1576 4147 1764 4235 zelanda,

569 4278 595 4321 n
619 4240 763 4337 aliisque
777 4245 886 4338 locis,
912 4264 972 4320 ten
1020 4256 1129 4324 untur
1146 4248 1328 4325 observare
1344 4245 1510 4337 sormam
1536 4272 1577 4323 ac
1596 4246 1764 4418 rituqlgc·

705 4364 709 4370 ’
1606 4386 1631 4423 υ
1656 4367 1710 4421 ce
1736 4364 1764 4415 2
