3984 5167
398 510 692 609 LIBER
765 507 1236 637 QUINTUS.
1364 545 1447 635 357

247 734 275 813 ,3
296 706 909 796 Secretum,autFinanciarum,ant
923 708 989 779 alia
1004 704 1117 779 officia
1128 713 1244 803 magni
1261 715 1449 797 momenti,
1496 740 1603 815 1579,

246 861 281 907 ,5
297 808 359 885 nist
370 810 539 883 naturales
557 802 690 899 Belgii,
716 804 853 889 idonei,
873 802 911 877 δι
931 807 1023 877 bona
1038 802 1090 875 ibi
1106 804 1292 893 habentes,
1318 814 1448 905 quique

245 957 274 1003 ,‚
295 903 661 997 steterunttipattibus
683 896 880 983 Ordinum,
904 904 1064 996 gratique
1083 897 1147 972 snt
1164 907 1233 973 tam
1252 902 1443 981 Ordinibus

243 1050 272 1098 „
293 1000 513 1097 generalibus
530 1021 632 1093 quam
647 996 843 1070 Provinciis
861 997 1127 1091 particularibus
1146 1001 1189 1071 ad
1207 1022 1292 1093 quas
1308 1004 1444 1073 mitten·

242 1144 271 1193 ,‚
293 1102 368 1186 tu'r,
394 1122 436 1171 ac
452 1098 554 1183 alias,
575 1095 676 1190 juxta
694 1091 881 1187 Privilegia
896 1116 1032 1167 earum:
1058 1096 1119 1188 qui
1134 1097 1308 1190 primum,
1336 1100 1444 1169 &an-

242 1242 273 1291 „
293 1215 434 1287 tequam
451 1191 691 1277 admittentur,
717 1190 924 1262 tenebuntur
939 1189 1136 1262 solemniter
1142 1192 1260 1287 jurare
1277 1195 1366 1267 hanc
1380 1215 1443 1287 pa·

243 1339 273 1384 „
297 1314 394 1377 cem,
418 1290 456 1361 δι
474 1285 652 1381 speciatim
668 1286 772 1357 etiam
787 1283 969 1361 observare
992 1285 1198 1383 privilegia,
1210 1287 1443 1365 Consuetudi-

245 1433 274 1479 „
297 1408 380 1469 nes,
397 1384 479 1476 Jura
492 1432 505 1468 ,
519 1380 612 1454 Usus
622 1382 800 1475 generales
819 1381 854 1451 dt
896 1381 1093 1453 articulares
1104 1382 1234 1479 belgii,
1251 1390 1301 1458 'ac
1314 1387 1444 1481 jureju-

245 1529 278 1577 ,7
297 1484 410 1553 tando
435 1478 672 1574 promittent,
712 1475 737 1547 fi
767 1473 854 1549 resci
871 1494 950 1547 cont
977 1479 1109 1569 aliquid
1136 1481 1275 1552 tractari
1299 1483 1336 1554 in
1367 1485 1442 1576 eius
1488 1525 1491 1529 ι

240 1625 270 1671 „
293 1578 480 1661 damnum,
505 1574 600 1667 quod
619 1572 661 1645 eal
681 1570 725 1645 de
742 1596 779 1645 re
789 1572 954 1645 certiores
971 1570 1101 1645 sacient
1124 1571 1278 1648 Ordines
1299 1600 1442 1669 genera·

241 1676 345 1767 „les
370 1670 657 1764 &particulares
688 1665 979 1758 Provinciarutu,
1020 1668 1120 1763 quod
1149 1672 1186 1742 ni
1211 1670 1357 1745 fecerint
1372 1696 1465 1769 pro

239 1770 441 1865 „perjuris
472 1768 661 1844 habendos.

246 1910 253 1920 -
288 1914 317 1957 „
343 1861 527 1937 LXXVlI.
551 1861 600 1939 Et
619 1862 701 1971 quia
717 1859 870 1935 Ordines
895 1858 972 1933 sunt
989 1862 1134 1957 obligati
1146 1860 1359 1939 sereniliimae
1371 1862 1442 1940 Re·

238 2009 268 2057 „
290 1964 386 2057 ginae
403 1959 543 2054 Angliae
562 1958 609 2031 ob
625 1963 789 2031 ltnceram
815 1959 1021 2047 amicitiam,
1046 1962 1261 2035 vicinitatem
1287 1963 1324 2037 &
1345 1968 1443 2038 auxi·
1512 2016 1523 2037 .

239 2104 270 2153 ,‚
290 2062 380 2133 littra
395 2058 492 2151 quod
508 2056 576 2127 illis
598 2052 759 2151 praestitit
776 2057 818 2128 ad
835 2056 1018 2128 utilitatem
1036 2057 1233 2152 publicam,
1257 2057 1331 2153 ipsa
1346 2082 1442 2133 com·

238 2204 268 2251 „
289 2153 530 2253 prehendetur
561 2149 745 2245 reciprocd
779 2152 816 2225 in
852 2152 923 2225 boc
953 2150 1042 2225 statu
1071 2155 1108 2224 in
1139 2151 1444 2231 confirmationem
1497 2187 1526 2237 ις·

239 2295 269 2346 ,‚
291 2254 518 2345 antiquorum
538 2246 711 2322 foederum
732 2268 904 2342 perpetuo
921 2246 1183 2324 observatorum
1199 2254 1292 2323 inter
1308 2250 1444 2327 Princi-
1501 2255 1504 2262 '

238 2393 268 2444 ,‚
290 2370 358 2445 pes
379 2368 449 2418 tam
467 2350 541 2419 e'us
559 2344 678 2439 regni,
703 2364 804 2436 quarn
826 2343 951 2437 Belgii.
984 2398 985 2403 ,
1426 2411 1428 2414 ,

249 2490 253 2499 -
291 2494 320 2537 ‚,
345 2441 477 2515 LXXV
501 2439 543 2513 ll.
568 2439 731 2513 Similiter
752 2437 1094 2532 comprehendentur
1110 2443 1147 2513 in
1170 2442 1294 2517 eodem
1317 2443 1448 2519 trasla-

238 2586 270 2635 ‚,
291 2560 334 2612 tu
347 2536 586 2635 illustrissimus
600 2534 685 2607 Dux
702 2531 934 2626 Andegouenfis
945 2588 954 2618 ‚
967 2535 1075 2628 Regis
1085 2536 1357 2611 Christianilsrmi
1372 2538 1440 2613 fra·

241 2683 272 2729 ,‚
294 2655 371 2721 ter,
395 2654 572 2726 tamquam
589 2628 750 2703 defensor
759 2629 926 2703 libertatis
942 2628 1077 2725 Belgii,
1101 2655 1182 2705 cum
1199 2638 1444 2729 recognitione

241 2778 273 2825 ‚‚
296 2750 400 2823 quatu
419 2727 571 2801 Ordines
597 2724 660 2820 ipst
684 2724 914 2821 promiserunt
936 2747 1156 2819 proponere,
1181 2732 1344 2823 quoniam
1370 2750 1445 2806 tatu

106 2896 107 2899 ,
241 2824 483 2922 „liberaliter
515 2846 557 2897 ao
583 2820 726 2897 heroice
752 2842 895 2915 operam
933 2824 1077 2895 navavit
1107 2846 1229 2908 eorum
1253 2824 1444 2903 defensioni

242 2958 273 3018 ς,
297 2944 340 2995 ac
363 2918 634 3011 conservationi,
669 2920 721 2993 uti
756 2922 857 2991 etiam
879 2909 1216 3015 comprehendentur
1238 2944 1359 3000 omnes
1384 2926 1446 2999 alii

240 3069 272 3117 ,‚
295 3014 525 3095 confoederati
545 3012 715 3089 dislorum
735 3012 923 3089 Ordinum.

169 3114 176 3123 ’
294 3113 506 3205 „LXXIX
540 3110 801 3207 Supplicabitur
825 3109 907 3193 Suae
924 3108 1125 3202 sanctitati,
1150 3111 1254 3191 literae
1273 3116 1444 3193 Caesareae

240 3260 272 3306 „
294 3211 490 3307 Maiestati,
525 3206 616 3304 Regi
652 3206 952 3295 Christianiffimo,
978 3208 1127 3307 Reginae
1149 3211 1308 3307 Angliae,
1344 3213 1444 3289 Duci

242 3356 273 3399 „
296 3303 531 3400 Andegooenfi,
556 3302 726 3378 defensori
756 3304 925 3377 libertatis
951 3302 1124 3400 sselgtcae,
1148 3309 1310 3380 omnibus
1343 3308 1443 3383 Ptin·

237 3448 270 3496 ,‚
293 3404 430 3497 cipibus
449 3401 668 3476 Etettoribus
685 3400 906 3484 Germaniae,
926 3398 1022 3473 Duci
1038 3401 1238 3496 Jutircensr,
1265 3427 1443 3501 tamquam

240 3544 273 3594 „
296 3494 451 3571 studiosis
475 3499 662 3585 utilitatis,
685 3493 1012 3591 tranquillitatisque
1035 3498 1259 3592 Reipublicae
1278 3498 1443 3575 Christia-

243 3642 275 3689 ,‚
297 3616 376 3676 nae,
400 3616 440 3665 ut
459 3591 539 3687 ipsus
561 3596 696 3689 placeat
713 3593 869 3678 efficere,
894 3593 947 3663 uti-
962 3591 1021 3667 bic
1047 3596 1213 3669 mallatus
1228 3599 1266 3671 in
1280 3598 1447 3673 omnibus

241 3738 275 3788 ,‚
296 3687 363 3769 suis
379 3690 536 3783 partibus
552 3692 787 3785 compleatur,
812 3688 849 3759 δι
865 3686 1037 3764 inviolate
1058 3690 1275 3767 observetur.
1296 3694 1324 3737 “
1547 3688 1549 3692 ’

295 3834 323 3879 ,,
347 3784 488 3859 LXXX.
514 3784 591 3859 Hic
612 3786 777 3861 casatus
792 3782 973 3879 reciprocs
985 3787 1211 3883 jurejurando
1227 3787 1374 3862 solemni
1388 3786 1443 3861 su·

238 3930 273 3983 „
294 3880 487 3979 persancte
502 3879 696 3978 Evangelia
714 3880 867 3977 praestito
882 3880 1161 3971 confirmabitur,
1174 3880 1211 3954 δι
1227 3885 1249 3957 i
1266 3881 1365 3979 Rege
1382 3906 1445 3980 ap·

240 4026 275 4076 ,‚
295 3978 504 4147 probabitur
520 3980 613 4119 iutg‘a
628 3980 812 4053 terminum
827 3978 930 4051 trium
961 3979 1127 4053 mensum
1143 3980 1222 4077 post
1248 3979 1447 4057 conclusam

323 4099 389 4149 auc
443 4098 550 4150 acem.

242 4125 275 4174 η
332 4170 398 4245 XX
431 4172 459 4245 1.
484 4171 638 4247 Articuli
661 4170 698 4243 hi
717 4166 894 4245 Ordinum
913 4164 1055 4247 secundi
1072 4195 1145 4248 non
1173 4172 1282 4271 usque
1312 4174 1398 4249 adeo
1423 4159 1447 4247 d

243 4286 274 4364 p
330 4268 425 4343 ribus
458 4266 521 4345 vist
554 4267 632 4341 sunt
656 4264 876 4363 discrepate3
907 4270 994 4342 nihil
1018 4268 1136 4367 quoad
1162 4267 1384 4368 Religionem
1406 4265 1447 4347 δι

242 4357 507 4445 Authotitatoto
540 4361 692 4465 Regiam
730 4364 1004 4537 consegvaodam
1042 4364 1341 4471 propostam]
1401 4386 1448 4437 ue

245 4504 249 4510 “
866 4483 938 4563 Y3
1406 4478 1452 4533 “⁸
