3984 5167
438 543 1193 643 ·L·IBERPR1MU8.
1370 574 1450 668 157

167 807 170 810 ,
252 711 396 796 damum'.
416 717 595 794 obfidiune
619 721 759 808 cinxit,
795 743 861 794 nec
886 721 982 816 prius
1008 718 1164 806 destitit,
1187 718 1292 814 quim
1317 721 1449 820 Baffrrus
1496 760 1601 840 1572,

251 819 387 892 civitati
407 817 588 891 auxiliares
614 819 734 911 copias
763 839 806 889 ex
825 815 992 912 Trajesio
1010 817 1183 899 adduxit,
1207 820 1254 888 ob
1274 825 1370 913 cujus
1390 823 1449 894 ad·

250 933 394 988 ventum
412 917 456 988 de
473 909 624 986 successu
643 909 854 1007 desperans,
880 911 1027 988 incenfis
1047 913 1181 993 castus,
1206 902 1311 984 nstin
1328 914 1450 991 disces·

251 1005 312 1092 fit,
336 1007 457 1106 postea
483 1011 626 1106 quoque
650 1008 913 1082 Sebonbovium
946 1008 1097 1096 invasit,
1132 1005 1361 1104 foeliciterque
1392 1033 1450 1088 ce·

248 1107 321 1200 pit,
347 1102 426 1180 cum
452 1107 496 1176 Bo
526 1129 584 1177 aas
606 1105 763 1178 adduslo
791 1108 925 1189 milite,
951 1123 989 1178 ut
1016 1103 1150 1180 obseffis
1176 1127 1279 1200 opem
1311 1101 1447 1196 ferret,

128 1255 131 1262 «
249 1201 336 1275 nihil
352 1199 483 1296 prosec'
516 1222 560 1274 et.
574 1285 578 1292 ¹
593 1199 598 1207 ’
613 1199 688 1272 Hic
706 1202 807 1294 etiarn
823 1199 1042 1274 Oudewatet
1059 1203 1160 1296 (quae
1178 1204 1225 1274 est
1239 1201 1449 1304 oppidulum

249 1293 450 1370 Hollandiae
472 1319 586 1392 prope
611 1293 775 1368 Gaudam
810 1293 934 1404 litum)
968 1299 1077 1391 paulo
1099 1320 1179 1369 ante
1205 1315 1446 1394 oppugnarat,

247 1393 307 1466 sed
327 1392 365 1466 id
381 1394 486 1467 etiarn
507 1391 656 1474 frustra,
684 1413 764 1464 cum
785 1393 876 1474 enim
894 1391 975 1464 btna
997 1393 1239 1466 tantummodo
1269 1413 1445 1469 tormenta

248 1489 377 1564 bellica
392 1483 607 1571 adduxiss'et,
630 1487 705 1560 aliis
722 1485 825 1559 rebus
843 1485 977 1560 bellicis
992 1485 1184 1562 necessariis
1201 1485 1446 1564 destitueretur

248 1583 351 1750 breta
374 1579 564 1750 coagentia
587 1581 765 1674 hostium,
799 1581 925 1658 infesta
958 1606 993 1657 re
1010 1600 1041 1672 ,'
1060 1583 1263 1679 Trajesium
1288 1607 1447 1680 repetere

250 1703 315 1756 coa
354 1701 393 1752 us
419 1702 438 1750 e
469 1731 479 1748 .

298 1771 485 1848 xxxvlt.
528 1774 688 1858 Albanas,
715 1773 873 1868 quamvis
902 1773 946 1848 ad
975 1771 1188 1849 obsidionem
1222 1773 1446 1854 Montensem

225 1879 229 1885 '
247 1870 382 1950 summo
408 1870 522 1944 studio
539 1873 690 1943 animum
708 1870 920 1964 applicaret,
946 1870 1104 1965 nihilque
1117 1895 1158 1943 ea
1176 1873 1211 1944 in
1223 1896 1260 1944 re
1278 1896 1382 1961 curae,
1399 1899 1441 1948 ac

207 2035 218 2049 ,
247 1969 441 2065 vigilantiae
459 1966 684 2052 obmitteret,
710 1987 780 2036 nou
805 1987 921 2040 tamen
945 1987 1016 2039 tam
1037 1969 1198 2040 celeriter
1215 1971 1331 2041 omnia
1352 1994 1443 2066 prae·

245 2066 363 2163 parari
379 2084 545 2158 potuere,
570 2063 656 2158 quin
676 2083 775 2135 autea
797 2061 925 2156 Jtnlt'us
946 2086 1028 2135 eum
1049 2067 1227 2152 exercitu,
1246 2087 1320 2159 quo
1339 2067 1445 2142 Lada·

208 2231 213 2241 ,
248 2169 315 2235 uico
331 2183 434 2256 opem
452 2159 542 2235 serre
561 2161 791 2238 decreverat,
815 2159 1004 2231 adveniret.
1043 2157 1185 2254 Quibus
1200 2161 1305 2234 rebus
1323 2164 1445 2258 cogni.

246 2258 291 2332 tis
318 2257 522 2344 Fledericar,
548 2253 586 2331 δι
610 2254 687 2350 'ipse
711 2251 820 2328 castra
838 2256 977 2342 movit,
1003 2253 1178 2351 ductoque
1202 2259 1355 2331 exercitu
1378 2278 1468 2354 pet‘

248 2349 400 2428 sensium
417 2347 619 2435 Gisseuum,
634 2357 659 2440 ·(
668 2349 763 2446 quod
781 2348 831 2424 est
851 2352 1004 2422 vicinum
1020 2350 1163 2426 Montio
1171 2348 1443 2450 Hannoniaeop·
1534 2401 1543 2414 ι

273 2450 410 2524 idolum
418 2451 447 2539 >t
459 2443 551 2521 hosti
568 2447 869 2544 appropinquanti
882 2441 1020 2520 fortiter
1038 2443 1073 2518 se
1092 2446 1269 2543 opposuit.
1302 2448 1445 2528 Accidit

244 2473 316 2642 inc
345 2541 458 2619 mense
480 2543 578 2634 Julio
601 2563 692 2616 anuo
715 2539 965 2635 septuagesimo
992 2539 1156 2616 secundo
1207 2544 1371 2638 Cumque
1398 2545 1443 2618 ad

245 2663 369 2716 manus
385 2658 530 2722 venturu
546 2634 655 2723 effet,
680 2635 848 2802 Gallique
861 2635 1014 2730 primurn
1039 2637 1139 2712 more
1157 2634 1218 2712 suo
1235 2639 1444 2734 iugentiim·
1480 2704 1488 2713 ,
1562 2693 1569 2705 .

244 2759 334 2838 petu
352 2736 545 2823 irruerent,
570 2755 642 2804 non
657 2735 771 2808 minus
802 2733 924 2822 ortiter
944 2736 987 2805 ab
1008 2731 1173 2830 Hispanis
1188 2735 1280 2812 leuis
1293 2758 1444 2810 armatu·

243 2859 295 2910 rae
318 2831 511 2930 equitibus,
536 2826 642 2904 facile
670 2827 835 2925 insugam
853 2826 940 2902 versr
961 2853 1099 2904 omnem
1118 2834 1307 2906 exercitum
1326 2834 1443 2930 perdi·

245 2927 343 3006 dere.
392 2925 525 3022 Magna
545 2926 661 3000 eaedcs
683 2921 796 3014 facta,
820 2926 881 3020 qui
907 2927 1020 3002 nostis
1045 2925 1220 3001 beneficio
1248 2927 1442 3024 effugerant

241 3023 366 3124 postea
390 3023 548 3120 undique
568 3043 588 3096 a
609 3021 742 3096 rusticis
765 3075 776 3110 ,
808 3024 935 3116 partim
953 3024 1145 3113 trucidati,
1170 3027 1298 3120 partim
1317 3027 1414 3120 capti
1425 3077 1439 3115 ,

144 3207 146 3211 ,
241 3129 334 3200 iuter
349 3145 440 3219 quos
456 3119 615 3218 Jenlt'ur,
651 3119 767 3197 itaut
790 3118 894 3214 pauci
914 3122 951 3194 iu
970 3119 1124 3194 Galliam
1151 3117 1437 3198 reverterentur:
1512 3191 1516 3200 .

241 3221 380 3317 fuitque
397 3237 491 3294 tanta
506 3215 661 3289 omniunt
678 3214 887 3312 trepidatio,
905 3237 944 3290 ut
961 3211 1054 3290 sama
1069 3214 1134 3301 fit,
1152 3218 1331 3290 mulierem
1344 3239 1442 3290 com·

241 3322 360 3416 plures
385 3313 559 3412 fugientes
586 3335 632 3388 eo
655 3309 841 3407 redigisse,
876 3335 915 3388 ιιι
937 3311 1006 3386 sese
1029 3309 1095 3406 ipsi
1121 3312 1301 3402 dederint,
1324 3314 1440 3408 capti·

242 3410 375 3506 vosque
395 3415 440 3486 ad
455 3409 564 3485 castra
583 3411 664 3484 duci
680 3410 761 3504 passa
777 3406 853 3480 saut.
1407 3449 1413 3460 -
1548 3417 1551 3421 ·

292 3501 495 3580 XXXVIII.
515 3505 698 3579 Fredaricus
710 3529 748 3580 re
763 3503 852 3576 bene
868 3499 962 3596 gesta
975 3499 1144 3576 continud
1160 3503 1205 3576 ad
1223 3500 1441 3582 obsidionem

242 3599 400 3700 reversus
425 3599 509 3689 est„
534 3597 647 3674 Fuelix
673 3602 733 3674 hic
757 3596 965 3695 magnusque
989 3593 1176 3688 succesus,
1201 3600 1439 3688 incredibile,
1578 3688 1583 3696 ι

241 3715 411 3798 quantum
429 3695 531 3768 rebus
554 3693 747 3770 labentibus
766 3694 954 3790 profuerit:
970 3691 1062 3768 'cum
1088 3697 1186 3796 eninr¹
1205 3694 1337 3770 accensa
1363 3717 1438 3770 om·
1502 3735 1504 3737 .

240 3799 340 3876 nium
358 3790 494 3878 animi,
512 3810 560 3862 eo
584 3791 735 3864 audaciae
757 3789 1064 3887 proveherentur,
1097 3814 1138 3864 ut
1164 3815 1237 3864 uon
1259 3793 1435 3866 immerito

238 3889 435 3968 verendum
451 3881 554 3972 esset,
578 3886 739 3958 civitates
762 3885 993 3982 undequaque
1012 3890 1174 3982 exemplo
1191 3906 1331 3975 earnm,
1354 3909 1437 3984 quae

235 3993 308 4090 jam
334 3983 574 4074 desciverant,
605 3979 651 4056 ad
674 3983 906 4056 mutationem
927 3981 1184 4060 inclinaturus..
1209 3982 1436 4076 Praesertim,

241 4109 321 4164 curu
332 4084 404 4180 jam
422 4079 584 4158 omnibus
599 4073 833 4154 innotesceret
847 4079 1021 4151 Auraicam
1040 4079 1143 4151 etiam
1158 4078 1244 4153 alibi
1261 4103 1333 4156 non
1349 4105 1435 4157 con-

98 4252 99 4259 ,
205 4219 216 4236 =
239 4179 464 4258 temnendum
478 4176 653 4272 conficere
673 4175 960 4273 exercitum,qui
978 4174 1194 4265 adventans,
1218 4174 1332 4252 lisele
1352 4203 1434 4255 cum

239 4279 343 4452 {tulli
367 4278 478 4374 copiis
494 4270 722 4372 conjunxisset
739 4267 934 4346 sacile'suos
956 4270 1442 4351 conservaturaevidebatur:
1459 4355 1467 4370 ι

264 4371 328 4451 loc
345 4397 414 4500 uuo
425 4375 551 4474 prelio
562 4368 794 4528 uuusquisque
808 4371 934 4562 itqquqr
955 4369 999 4446 de
1016 4371 1112 4447 exitu
1125 4393 1243 4450 rerum
1257 4373 1436 4541 dnbiffl
1443 4405 1448 4414 ¹
1510 4443 1519 4450 .
