3984 5167
380 738 498 824 21583·

370 916 455 1026 Regia

367 1109 435 1185 costo
458 1127 499 1168 re·

369 1192 489 1247 berlionis

371 1286 401 1325 or
425 1284 496 1325 rtecrs

316 1341 326 1356 .
365 1346 434 1424 oae.

546 539 631 649 42¹8
690 530 724 639 J.
754 434 902 661 unu
931 474 1191 618 Tonsos
1231 518 1623 617 couniunt.

549 724 645 799 tione
665 722 815 815 Goifiono
832 716 961 795 familia
981 714 1131 805 exarsit,
1158 736 1198 793 ut
1225 738 1296 791 non
1319 715 1494 791 immeritd
1513 714 1533 790 1
1555 716 1674 792 martia
1697 722 1747 815 ju-

554 824 748 898 dicaretur,
775 815 995 911 Reipublicae
1021 830 1157 886 certum
1188 812 1290 887 breti
1323 812 1504 885 imminere
1539 815 1749 905 periculum.

555 916 666 988 Erant
685 936 754 985 tres
784 908 924 1005 Guiſsorri
947 908 1101 991 iratres,
1133 910 1308 990 Henricus,
1327 910 1527 993 Lurlovious‚
1549 908 1593 983 .&
1624 911 1752 985 Carolus

371 1032 516 1089 Grurooe·
553 1010 693 1083 florenti
713 1032 834 1095 aetate,
869 1006 1040 1079 ambitiosr
1071 1030 1112 1078 ac
1133 1006 1219 1078 vasti
1247 1005 1352 1077 animi
1374 1006 1442 1078 viri
1472 1002 1673 1095 fortissimi,
1709 1011 1748 1085 ἃ

555 1108 712 1203 quamvis
741 1107 874 1179 medius
898 1127 1019 1176 eorum
1040 1102 1256 1184 Cardinalis,
1281 1124 1353 1174 non
1372 1103 1486 1173 minus
1513 1122 1626 1175 tamen
1651 1126 1752 1197 quam

476 1268 483 1281 .
554 1206 678 1298 reliqui
708 1204 828 1296 gloriae
857 1222 1046 1293 appetens,
1081 1222 1122 1271 ac
1148 1220 1303 1295 paternae
1338 1194 1596 1271 existimationis
1613 1198 1752 1277 uindex

545 1298 829 1395 religiosrffinus.
879 1297 1081 1369 Accedebat
1098 1294 1141 1366 ad
1165 1297 1243 1369 haec
1263 1296 1403 1390 egregia
1425 1296 1586 1389 corporis
1612 1293 1747 1381 forma,

555 1399 642 1473 mira
660 1397 790 1489 ingenii
809 1394 1018 1474 dexteritas,
1043 1392 1135 1463 fama
1153 1414 1195 1465 ac
1221 1393 1347 1485 peritia
1371 1392 1422 1463 rei
1451 1390 1620 1481 bellicae,
1645 1392 1749 1469 Duci-

556 1496 619 1567 bus
638 1490 749 1581 Grn'fiae
770 1514 811 1565 ac
833 1490 1031 1583 Moyanno3
1066 1489 1181 1560 multis
1203 1489 1559 1582 praeliis„longoque
1579 1512 1752 1563 armorum

546 1589 619 1663 usu
639 1586 1028 1684 acquifitatliberalitas,
1045 1582 1231 1680 ›fingularis
1245 1606 1361 1658 rerum
1378 1587 1608 1679 gerendarum
1627 1584 1754 1682 sagaci·

555 1704 629 1768 tas,
653 1683 981 1765 maximacomitas‚
1007 1682 1044 1754 δι
1067 1702 1124 1753 ars
1143 1679 1186 1754 ad
1202 1680 1409 1775 captandam
1421 1681 1576 1755 omnium
1600 1682 1754 1757 benew-

545 1784 718 1864 lentiam,
744 1800 848 1875 atquc
875 1780 910 1850 in
943 1776 1165 1876 Religionem
1187 1776 1411 1853 ,Catholicam
1432 1779 1529 1869 zelus
1560 1778 1750 1871 ardentilli·

545 1900 644 1951 ,mun
694 1874 779 1949 Huc
794 1874 982 1949 accedebat
1003 1876 1099 1974 quod
1118 1896 1188 1971 pax
1202 1896 1272 1977 per
1294 1874 1429 1971 Regem
1455 1898 1536 1949 cum
1557 1871 1749 1948 Haereticie

547 1976 668 2054 ¹inita,
694 1970 841 2045 molest&
873 1971 1015 2044 omnino
1035 1972 1054 2041 a
1074 1970 1268 2045 Catholicis
1283 1971 1472 2045 ferebatur.
1523 1970 1633 2044 Erant
1686 1992 1752 2043 1111-

547 2092 655 2144 :terea
670 2068 706 2141 &
727 2070 784 2141 alii
806 2067 965 2161 plurimi,
991 2068 1054 2162 qui
1078 2070 1116 2142 dc
1138 2064 1204 2161 ipfi
1217 2068 1445 2163 impatientes
1456 2120 1469 2155 ,
1494 2071 1591 2166 quod
1616 1994 1753 2162 aliege

546 2168 783 2241 inhonorum
802 2164 1079 2258 dignitatumque
1096 2165 1281 2239 collatione
1304 2166 1579 2259 negligerentur,
1606 2164 1642 2238 dc
1665 2187 1753 2259 quo·

551 2284 638 2334 rum
654 2262 794 2357 ingenia
811 2258 966 2355 inquieta
991 2258 1056 2354 (ut
1074 2258 1151 2333 fiant
1170 2262 1378 2355 plerumque
1394 2264 1430 2332 in
1446 2260 1589 2355 Gallia)
1609 2259 1752 2355 aquiete

550 2359 820 2441 abhorrebant,
844 2359 947 2429 itaut
965 2378 1046 2450 pars
1067 2356 1255 2432 ambitione
1275 2359 1380 2441 caci,
1397 2358 1539 2451 plurimi
1550 2356 1630 2429 Reli
1656 2358 1752 2441 one,

559 2457 667 2551 pauci
684 2452 788 2527 ellent
810 2454 901 2525 inter
911 2451 1139 2538 Catholicos‚
1164 2457 1226 2548 qui
1255 2452 1451 2549 apartibus
1474 2456 1602 2528 horum
1654 2453 1753 2525 rinei·

549 2574 644 2648 pum
669 2574 739 2623 non
759 2551 906 2636 starent,
931 2570 1042 2644 utque
1062 2550 1192 2645 aliquid
1216 2552 1320 2637 novi,
1338 2572 1513 2624 armmum
1536 2552 1595 2622 via
1623 2570 1753 2623 tentare

558 2651 752 2732 auderent,
777 2645 995 2739 summopere
1019 2668 1089 2717 non
1107 2666 1323 2741 appeterent.
1366 2644 1460 2720 Haec
1477 2667 1646 2743 qnantum
1662 2648 1701 2719 in
1716 2644 1752 2719 se

559 2766 635 2817 erar
655 2764 837 2837 penetrare
863 2740 1221 2833 conabatur.Toffias;
1247 2740 1306 2818 sed
1330 2744 1500 2836 Philippus
1528 2768 1601 2817 non
1616 2740 1691 2815 solo
1709 2766 1753 2815 eo

558 2860 743 2915 contentus
764 2836 853 2910 milit
874 2837 1029 2926 secretd,
1053 2836 1160 2914 inscio
1178 2838 1297 2931 Toffio,
1323 2838 1482 2933 Joannern
1497 2840 1650 2913 Murrum
1663 2840 1753 2912 mili·

550 2936 617 3008 -tiae
632 2934 810 3006 Melitanae
829 2933 914 3004 Divi
931 2935 1070 3024 Joonm't
1087 2937 1239 3028 equitem
1256 2934 1452 3030 Arragonia
1471 2935 1679 3025 oriundum,
1694 2936 1753 3033 qui

557 3028 700 3107 occulte
722 3030 758 3103 dc
775 3029 1017 3101 dillrmulanter
1039 3030 1154 3123 paffim
1180 3051 1245 3125 pet
1272 3028 1439 3125 Regnum
1461 3030 1497 3104 se
1520 3030 1752 3120 transferens,

549 3126 798 3224 quoscumque
815 3122 925 3221 pollet
942 3127 1168 3215 conveniret,
1194 3130 1465 3223 eorumdemque
1479 3131 1613 3202 animos
1632 3132 1754 3226 explo-

558 3244 651 3300 raret
668 3246 707 3296 ac
726 3222 947 3295 incenderet:
969 3225 1027 3297 uti
1042 3220 1182 3310 effecit,
1208 3232 1456 3298 totnmannurn
1475 3226 1507 3299 ei
1526 3229 1672 3321 negotio
1688 3227 1752 3297 im·

542 3322 795 3418 ,pendensnon
815 3316 885 3389 stne
907 3315 1040 3404 fructu,
1062 3320 1279 3399 mtsstienim
1298 3318 1358 3416 spe
1381 3322 1498 3394 auxilii
1522 3321 1610 3393 tanti
1642 3318 1752 3416 Regis

558 3418 687 3501 taedii,
708 3440 776 3489 non
793 3416 862 3511 jam
875 3471 883 3498 ,
897 3438 939 3487 an
954 3438 996 3488 eo
1013 3416 1219 3488 inclinarent
1230 3415 1456 3505 dubitabant,
1480 3416 1539 3492 sed
1550 3422 1755 3513 quomodo,

550 3566 554 3578 .
584 3516 654 3585 uod
672 3511 733 3583 fibi
746 3513 1030 3605 proponebatur,
1042 3508 1161 3585 secure
1175 3512 1250 3586 lieri
1261 3511 1372 3608 pollet
1382 3512 1497 3588 secum
1507 3514 1683 3609 agebant,
1698 3519 1754 3613 ip·

557 3538 760 3705 iequebur
780 3610 969 3699 Moyrnnae,
986 3630 1067 3682 cum
1086 3607 1122 3679 in
1135 3632 1219 3704 agro
1236 3607 1425 3704 Pidaoienfi
1440 3633 1511 3707 quo
1528 3610 1548 3681 1
1565 3606 1667 3705 Rege
1681 3629 1757 3685 etat

556 3707 672 3780 millus
683 3756 693 3791 ,
721 3705 756 3777 se
776 3706 987 3795 contineret,
1015 3727 1094 3775 cum
1112 3706 1223 3778 Murro
1241 3726 1310 3777 tam
1326 3705 1412 3781 serio
1434 3708 1529 3815 egit,
1554 3726 1594 3777 ut
1612 3707 1755 3779 tandem

555 3804 687 3892 ambo,
713 3820 821 3897 atque
848 3801 981 3895 aliquot
1009 3802 1113 3873 etiam
1137 3804 1307 3899 praecipui
1332 3802 1537 3885 Catholici,
1571 3800 1752 3878 Lutetiam

556 3899 626 3973 sese
652 3899 894 3976 contulerint,
928 3898 1102 3971 decreturi
1128 3920 1207 3970 cum
1243 3897 1347 3992 coesto
1379 3900 1463 3995 (ad
1495 3897 1596 3993 eujus
1630 3922 1754 3974 nutam

549 4016 675 4077 omnes
691 3993 912 4090 referebant)
937 3996 1022 4088 quid
1039 3994 1123 4066 ellet
1142 3994 1323 4091 agendum.
1374 3998 1442 4070 Sed
1468 3994 1565 4091 quod
1593 3995 1650 4071 illc
1675 4018 1752 4068 rem

554 4095 669 4165 adhuc
685 4111 927 4185 praematuram
948 4091 1014 4165 elle
1024 4091 1222 4187 judicabat,
1242 4093 1329 4164 nihil
1344 4114 1430 4167 tunc
1446 4094 1750 4187 temporispraeter

550 4189 686 4277 optima
707 4186 847 4283 speique
872 4190 975 4283 plena
1006 4190 1114 4261 verba
1140 4190 1271 4261 Morcus
1291 4188 1454 4265 obtinuit.
1504 4184 1625 4282 Guifirrr
1647 4187 1752 4259 enim

553 4284 711 4377 quamuis
724 4284 795 4380 jam
815 4283 895 4357 satis
913 4288 955 4356 ad
971 4308 1065 4357 arma
1081 4284 1292 4381 capescenda
1316 4308 1383 4381 pro
1411 4310 1462 4361 ter
1481 4288 1608 4363 bonum
1629 4286 1751 4383 publi·

546 4402 633 4455 curn
651 4376 734 4452 esset
751 4382 963 4464 inclinatus,
988 4382 1269 4479 uidebanturque
1287 4405 1372 4459 exce
1400 4408 1439 4459 ns
1455 4384 1544 4481 regii
1563 4406 1606 4459 ac
1625 4386 1749 4459 clarno-

1693 4498 1752 4551 tea
