3984 5167
369 522 713 619 ,arnan
769 521 1241 621 saurus.
1344 526 1429 648 ιιι

237 726 287 805 uli
305 741 420 811 erant,
445 725 591 817 amplius
606 720 692 819 quid
718 716 850 792 favoris
868 716 970 817 Regii
984 702 1236 795 nonimmerito
1251 695 1425 817 postulare

235 846 281 900 ae
298 822 418 895 mereri
436 820 655 893 videbantur.
708 816 849 891 Accidit
864 838 1035 912 praeterea
1058 840 1138 890 eum
1163 820 1199 889 in
1220 816 1342 892 febrim
1356 845 1424 910 ter·

234 921 363 993 tianam
398 916 580 1001 incidere,
606 912 707 1008 cujus
739 916 911 987 curationi
937 915 1020 986 dum
1054 912 1204 987 studiose
1230 916 1421 1003 incumbit,

1474 738 1577 823 1580·

231 1016 330 1089 venit
346 1036 389 1086 ex
413 1008 531 1083 Gallia
559 1010 768 1083 veredarius
804 1011 960 1096 (Correus
984 1016 1007 1060 *
1029 1014 1141 1105 vulgo
1165 1008 1320 1104 vocant)
1337 1035 1422 1084 nun·
1452 1031 1600 1109 *comm

231 1111 354 1182 tiatum
371 1113 526 1200 Journem
547 1104 569 1177 ὰ
587 1108 711 1199 Vargar
731 1103 886 1178 nobilem
913 1104 1111 1199 Hispanum
1123 1109 1184 1202 qui
1204 1108 1253 1180 ibi
1273 1130 1336 1201 per
1363 1110 1421 1179 ali·
1456 1107 1588 1187 Hispani·

229 1207 328 1301 quod
343 1225 481 1296 tempus
496 1201 670 1296 Legatum
687 1198 796 1296 Regis
812 1198 991 1273 Catholici
1008 1222 1146 1311 egerat,
1165 1200 1295 1277 obiisse.
1335 1203 1423 1276 Erat
1454 1187 1491 1281 {s-
1508 1187 1600 1253 ΕΝ·

227 1302 392 1395 apprime
418 1294 636 1371 necessarium
668 1299 701 1369 ei
724 1298 859 1368 muneri
885 1295 973 1369 citra
1002 1298 1203 1374 drlatiouem
1229 1299 1421 1395 provideri.

228 1393 354 1489 ltaque
383 1393 461 1469 Rex
487 1395 674 1489 queritans
701 1389 857 1485 quisnam
881 1390 964 1464 buic
985 1396 1121 1466 muneri
1143 1392 1228 1469 esset
1256 1398 1422 1486 idoneus,

1456 1282 1528 1336 ner,

1457 1340 1569 1404 Gallae.
1634 1365 1639 1380 ·

226 1490 371 1565 tandem
392 1492 526 1581 suffiunt
546 1490 673 1582 elegit,
692 1486 855 1581 juratque
887 1507 929 1560 ut
953 1509 1022 1579 qua
1048 1486 1161 1582 pollet
1183 1492 1362 1565 celeritate
1384 1495 1423 1567 iu
1546 1545 1550 1552 -

225 1586 382 1661 Galliam
401 1581 436 1657 se
459 1583 668 1655 transferret.
718 1580 782 1653 Ille
804 1602 917 1654 autem
945 1587 1103 1677 quamvis
1120 1587 1277 1658 nondum
1296 1587 1316 1658 a
1332 1586 1424 1662 febri

223 1678 474 1762 convaluilset,
491 1681 697 1752 duodecima
714 1696 828 1750 tamen
838 1678 983 1771 Augusti
991 1678 1195 1776 Badagosturn
1204 1685 1424 1779 relinquens,

129 1818 136 1829 ·
222 1777 420 1851 Madritum
445 1775 575 1857 rediit,
611 1774 661 1846 ibi
677 1774 920 1867 expellaturus
942 1775 1076 1851 litteras
1097 1777 1325 1852 credentialea
1351 1788 1423 1863 (ut

221 1870 385 1967 vocant)
418 1868 566 1966 aliasque
587 1866 733 1964 scriptas
760 1868 1020 1954 instructiones,
1046 1894 1130 1965 quar
1147 1874 1254 1946 moris
1278 1873 1328 1946 est
1350 1874 1421 1946 illia

222 1970 404 2050 exbiberi,
424 1968 485 2061 qui
501 1968 545 2039 ad
567 1962 687 2038 srmilia
706 1962 928 2060 delegantur,
944 1987 984 2039 ur
1006 1990 1087 2062 quae
1109 1964 1173 2041 libi
1196 1967 1262 2041 srnt
1285 1970 1420 2063 agenda

219 2060 352 2143 sciant,
379 2084 564 2158 rerumque
598 2058 822 2136 directionem
844 2064 967 2135 melius
984 2063 1190 2156 intelligant.
1242 2063 1421 2139 Caeterum

219 2161 286 2234 vix
306 2158 498 2231 Madritum
518 2159 712 2253 attigerat,
737 2180 817 2233 cum
842 2156 956 2232 subito
985 2160 1022 2231 in
1042 2161 1136 2232 aliud
1155 2162 1341 2232 maximum
1365 2163 1421 2235 iu·

219 2256 447 2332 commodum
458 2256 592 2327 incidit.
615 2254 775 2349 Contigit
784 2276 828 2329 eo
836 2276 929 2328 anno
937 2253 1140 2348 quibusdam
1150 2258 1187 2326 in
1199 2253 1420 2349 Regionibua

218 2352 387 2428 morbum
406 2350 589 2444 quemdam
604 2348 830 2442 pestilentiam
853 2371 897 2421 ex
922 2352 1071 2443 quadam
1096 2352 1188 2421 aeria
1213 2352 1418 2446 intemperie
1505 2411 1508 2420 ,

220 2446 262 2521 &
279 2450 504 2541 corruptione
522 2464 661 2527 natum,
681 2442 838 2516 infinitos
854 2446 1015 2516 mortales
1035 2465 1128 2515 nova
1145 2445 1293 2537 quadarn
1310 2468 1418 2541 atque

218 2541 363 2618 insolita
382 2543 586 2634 aegritudine
605 2535 768 2633 affligere.
804 2535 877 2611 Hic
895 2558 1012 2612 ortum
1029 2539 1150 2610 babuit
1166 2542 1260 2634 apud
1279 2540 1415 2634 Sequa·

218 2662 308 2722 nou,
335 2638 429 2709 unde
445 2639 480 2706 in
497 2636 648 2711 Galliam
666 2631 875 2720 transsatus,
901 2655 1008 2727 atque
1031 2632 1143 2706 indies
1166 2638 1417 2728 progrediens,

218 2731 366 2807 tandem
389 2734 491 2805 etiam
510 2734 546 2803 in
564 2728 771 2826 Hispaniam
792 2732 969 2823 pervenit,
995 2752 1060 2802 nec
1078 2752 1158 2801 ante
1173 2733 1330 2825 extingui
1351 2752 1418 2827 po·

219 2831 314 2915 tuit,
339 2852 441 2924 quarn
460 2851 538 2901 cum
559 2828 621 2900 illo
640 2848 750 2919 regno
769 2845 952 2921 peragrato
964 2880 974 2914 ,
988 2824 1250 2919 aePortugallia
1264 2829 1309 2899 ad
1321 2850 1416 2902 mate
1505 2869 1508 2874 ·

220 2920 330 3018 usque
346 2927 529 3016 volutum,
555 2945 626 3018 quo
642 2923 786 2994 ulterius
802 2920 952 2995 terrestri
970 2924 1094 2995 itinere
1120 2922 1301 3007 tenderet,
1326 2926 1416 2998 vim·

219 3043 295 3116 que
315 3018 407 3093 suam
426 3038 601 3093 exerceret
622 3065 635 3103 ,
662 3018 699 3090 δι
722 3020 973 3119 noginvenit,
1005 3017 1197 3091 vocabatur
1217 3024 1327 3115 vulgo
1344 3019 1415 3093 Ca·
1449 3024 1564 3088 Cathar-

218 3120 379 3205 tbarrus,
404 3112 570 3189 afferebat
591 3115 748 3187 dolorem
764 3116 905 3209 capitis,
932 3118 1107 3209 ingentem
1131 3114 1264 3198 tuisrrn,
1289 3113 1327 3186 &
1351 3139 1412 3190 ve·
1446 3124 1496 3164 *μ’
1512 3111 1582 3168 anna

220 3211 379 3287 hementi
412 3211 504 3285 febri
540 3208 664 3284 affesla
692 3232 841 3305 corpora
865 3207 1066 3306 affligebat,
1101 3210 1138 3283 &
1167 3230 1206 3282 ut
1231 3206 1411 3304 quisquam

220 3311 336 3384 minus
348 3309 520 3405 prospera
530 3305 691 3380 utebatur
709 3310 924 3390 valetudine,
949 3309 998 3378 ita
1016 3305 1140 3399 majori
1155 3306 1313 3398 periculo
1333 3305 1411 3379 sub-

214 3401 414 3497 jiciebatur.
481 3402 553 3476 Vix
580 3426 654 3476 erat
679 3404 826 3475 Madriti
862 3400 1040 3497 quisquam
1070 3401 1228 3493 quinon
1255 3399 1412 3477 sutorem

218 3499 334 3571 morbi
353 3501 589 3594 experiretur,
613 3502 661 3571 ita
680 3520 721 3572 ut
736 3522 801 3591 per
817 3500 948 3589 aliquot
966 3498 1039 3567 dies
1060 3496 1122 3567 vix
1137 3495 1229 3570 ullus
1253 3494 1335 3570 esset
1349 3502 1412 3590 qui

217 3614 395 3671 annonam
413 3612 609 3688 caeteraque
624 3595 666 3667 ad
688 3596 820 3665 rislum
844 3590 1027 3664 necessaria
1049 3593 1263 3685 importaret
1315 3590 1414 3681 Quae

216 3691 388 3781 imprimo
406 3688 519 3761 morbi
536 3712 615 3763 ortu
632 3712 714 3762 cura
733 3688 982 3773 adhibebatur,
1008 3708 1081 3760 erat
1100 3710 1200 3761 veuoe
1220 3686 1411 3775 settiosed

1448 3190 1505 3257 158
1526 3223 1536 3244 .

215 3784 339 3897 postea
358 3787 508 3859 docente
527 3787 755 3882 experientia,
781 3788 846 3857 alia
864 3787 1010 3857 certiora
1034 3782 1241 3879 utilioraque
1261 3782 1413 3856 remedia
1511 3814 1514 3820 ·

216 3902 371 3956 mventa.
424 3879 600 3958 Caeterum
617 3884 775 3975 quamvis
793 3880 977 3965 molestus,
1002 3900 1073 3950 non
1092 3900 1206 3951 tamen
1220 3899 1294 3952 erat
1311 3879 1409 3951 incu-

135 3984 145 3998 '
216 3978 359 4063 rabilis,
381 3974 505 4051 verbm
522 3998 592 4049 tarn
609 3975 840 4071 periculosus,
851 3994 890 4047 ut
905 3974 1055 4048 Madriti
1069 3975 1411 4068 quindecimdieruur

216 4070 349 4168 spatio,
376 4071 478 4168 super
497 4094 646 4167 quatuor
664 4076 770 4145 millia
787 4074 967 4145 hominum
985 4068 1210 4163 absumpserit
1233 4124 1246 4162 ,
1272 4090 1412 4166 parum·

219 4176 292 4259 que
308 4166 442 4251 abfuit,
473 4171 615 4264 quin&
642 4166 778 4263 Tafflunt
802 4188 953 4262 raperet.
1004 4166 1175 4240 Accidere
1188 4186 1354 4263 praeterea
1370 4162 1410 4239 dr

219 4262 294 4333 alia
315 4266 385 4341 duo
401 4268 645 4347 incommoda,
671 4286 748 4359 quae
778 4262 903 4357 saepius
927 4260 1181 4358 professionem
1204 4264 1241 4337 in
1266 4264 1413 4355 longum

217 4359 368 4439 trudat.
418 4360 546 4442 Incidit
561 4360 641 4439 Rex
656 4356 821 4459 Badagofu'
838 4362 872 4431 in
889 4357 1014 4433 febrim
1032 4358 1295 4457 pestilentialem
1317 4356 1333 4451 (
1350 4356 1413 4531 {2-

825 4454 925 4555 Gssss
953 4476 975 4551 3
1299 4473 1358 4529 aar
1402 4485 1419 4502 ·
