3984 5167
386 600 391 610 .
461 515 1206 624 LI'BE'R'PRIM'US.
1303 521 1308 590 ἓ
1373 531 1452 623 18n

257 739 366 816 quem
399 737 541 806 vocant,
560 715 774 814 Sustinglm,
810 717 916 790 altera
949 717 1048 788 navit
1084 709 1315 811 Hitpmtca,
1331 717 1453 813 ibique
1492 737 1596 818 ¹573·

254 814 381 912 periit,
405 814 501 909 aegre
525 811 710 910 expolitis,
737 811 1015 906 conservatisque
1039 813 1224 898 militibus,
1248 837 1289 886 ac
1315 819 1450 902 nautis,

256 913 305 986 ob
338 910 487 983 hostium
518 912 838 1006 propinquitatem,
875 929 978 1002 atque
1007 910 1060 980 ita
1083 909 1221 982 tandem
1242 932 1323 982 cum
1349 909 1450 985 elall'e

255 1007 394 1082 antver
420 1007 487 1080 iam
519 1009 666 1101 appulit.
1280 1069 1283 1074 .
1312 1027 1319 1038 ·
1443 1056 1448 1064 .

304 1101 370 1176 LX
408 1154 417 1170 .
444 1107 528 1176 Dux
561 1104 700 1174 Modinae
729 1101 813 1188 toli,
840 1097 921 1172 cium
944 1121 1010 1194 per
1036 1101 1171 1196 aliquot
1198 1101 1274 1174 dies
1296 1098 1451 1175 Neoma·

253 1199 311 1375 ii
325 1195 912 1386 iliosis'‘lieff‘liimil?
928 1217 1223 1385 {iiiiii
1239 1198 1353 1364 lli
1377 1219 1452 1386 ll:

254 1388 357 1462 blicae
378 1388 539 1460 utilitatis
557 1341 711 1468 adl‘erro’,
742 1387 777 1456 in
796 1383 1015 1458 brabantiam
1029 1385 1189 1460 reversus
1214 1385 1275 1461 est.
1327 1387 1447 1484 Atque
1509 1455 1518 1464 .

250 1481 348 1556 haud
373 1483 433 1556 diu
458 1483 573 1576 post,
613 1478 761 1552 terrestri
801 1482 922 1552 itinere
959 1481 1025 1575 per
1063 1481 1213 1555 Galliam
1251 1485 1288 1554 in
1319 1481 1446 1579 Hispa·

252 1581 348 1652 niam
371 1577 484 1653 rediit.
511 1579 700 1651 Corterum
726 1575 869 1646 Albanus
893 1575 1039 1648 obtento
1062 1575 1268 1661 Harlemio,
1293 1575 1446 1650 Neoma-

251 1669 1444 1770 gioTrajesluminferiussecontulit,ibiqueuocatisadseFredtrito,

251 1792 294 1844 ac
312 1769 529 1849 Noitcarmio,
554 1769 739 1852 derebus,
789 1789 843 1839 uae
866 1769 1035 1862 deinceps
1054 1765 1159 1841 client
1174 1769 1339 1862 agendae,
1364 1793 1443 1842 cum

249 1866 319 1938 illis
335 1863 417 1959 egit.
468 1861 555 1936 Erat
571 1883 656 1936 tunc
673 1791 967 1953 Menisjunius,
992 1887 1128 1957 tempus
1145 1864 1225 1936 anni
1242 1865 1444 1939 commodis·

251 1957 371 2034 fimum
385 1957 430 2031 ad
442 1958 669 2036 debellandos
687 1960 864 2067 aquaticos
880 1960 1035 2054 alioquin
1046 1959 1304 2070 inacceliibiles:
1322 1963 1442 2071 itaque

250 2057 513 2228 iiiiii
531 2051 1443 2246 {iiilibidinis?’,lillllli
1479 2163 1580 2232 sen,

252 2245 424 2342 stipendia
441 2303 452 2336 ,
476 2250 664 2344 predaeque
681 2244 916 2344 Harlemensis
932 2248 1165 2342 privationem
1174 2247 1441 2341 indignabundi,
1479 2248 1626 2346 inspuere-⁸

250 2341 344 2417 haud
364 2341 424 2416 diu
442 2345 519 2439 post
544 2346 578 2416 in
604 2363 761 2437 apertam
785 2340 988 2453 seditionem
1002 2345 1219 2451 prorupere,
1241 2340 1443 2418 constituto-
1479 2331 1627 2466 ffl‘t·

251 2461 320 2534 que
339 2438 469 2514 elelio:
496 2437 569 2533 (stc
587 2457 735 2523 vocant,
753 2461 856 2531 quem
870 2438 1072 2534 Principem
1087 2437 1334 2519 lateranensii
1357 2440 1442 2515 assu·
1513 2403 1610 2484 ’'ms‘'

250 2533 373 2629 inunt)
399 2537 515 2632 palam
531 2533 736 2608 solutionem
760 2533 921 2627 stipendii
938 2536 975 2606 vi
995 2535 1148 2628 petiere,
1173 2532 1417 2627 intempestive
1428 2587 1442 2623 ,

249 2627 378 2715 foede,
409 2652 451 2704 ac
467 2633 610 2725 indigne
627 2631 770 2702 nimium
792 2649 802 2698 ε
836 2651 916 2702 cum
934 2632 1025 2702 enim
1042 2631 1123 2722 plus
1146 2629 1223 2702 aliis
1245 2633 1443 2722 penuriam,

249 2723 509 2820 qualiscumque
534 2749 575 2798 ea
593 2721 695 2808 ellet,
719 2725 791 2817 pati
811 2721 1013 2810 debuerint,
1037 2723 1109 2796 sola
1123 2722 1182 2798 sua
1194 2721 1384 2815 seditione,
1400 2751 1446 2801 at:

248 2823 516 2898 tumultuatione
539 2818 707 2903 effecere,
729 2837 771 2892 ut
786 2823 957 2894 exercitus
972 2820 1023 2896 tei
1041 2819 1132 2893 bene
1149 2823 1320 2916 'gerendae
1340 2845 1442 2898 occa-

248 2916 345 2992 lione
371 2919 510 2992 minime
532 2918 582 2992 uti
604 2915 735 3012 pollet,
760 2917 853 2988 unde
878 2920 1028 2990 maximo
1048 2921 1175 3012 procul
1201 2915 1314 2991 dubio.
1339 2918 1446 2994 detn'q

249 3033 371 3102 mento
394 3035 449 3088 res
468 3015 573 3110 regie
591 3009 725 3088 affliliae
739 3009 828 3086 sont.
879 3011 919 3084 In
935 3012 1086 3091 sedanda
1104 3014 1194 3088 enim
1210 3015 1272 3087 illa
1293 3013 1365 3089 sola
1393 3014 1442 3089 se³

248 3113 401 3200 ditione,
427 3111 523 3207 quod
550 3111 723 3205 reliquum
750 3127 824 3184 erat
854 3107 982 3184 aestatis
1010 3108 1084 3186 iere
1102 3107 1367 3206 consumptum:
1393 3114 1443 3184 ita

248 3228 291 3284 ut
309 3209 355 3287 ad
378 3207 569 3284 Alkemarii
583 3205 796 3282 obfidionem
812 3225 885 3280 tum
902 3208 1197 3282 demumventum
1209 3206 1268 3290 lit,
1283 3206 1441 3300 cumjum

248 3307 371 3378 civitas
392 3304 471 3380 satia
486 3303 566 3378 ellat
583 3307 735 3391 munita,
751 3304 847 3378 venti
873 3327 916 3379 ue
938 3306 1151 3378 autumnales
1167 3299 1266 3384 flare,
1276 3324 1316 3372 ac
1331 3301 1442 3374 sevire

249 3397 459 3494 inciperent:
484 3401 649 3496 quodque
668 3328 979 3496 pemiuofiflimum
993 3398 1082 3484 fuit,
1106 3421 1149 3469 eo
1164 3398 1320 3490 incoepto
1338 3396 1442 3498 auda·

248 3494 363 3566 ciores
388 3493 529 3579 effelii,
552 3499 588 3568 in
612 3497 788 3593 posterum
817 3493 897 3590 post
921 3495 1066 3568 alteram
1089 3512 1211 3564 eorum
1236 3490 1441 3568 seditionem

248 3585 388 3664 taudem
410 3589 525 3683 Belgis
537 3613 772 3688 opportunam
789 3591 906 3664 denuo
918 3588 1107 3664 rebellandi
1124 3585 1441 3684 occafionemprae·

248 3685 379 3762 buete:
405 3686 511 3760 itaut
534 3709 604 3760 non
629 3691 743 3762 minus
761 3709 883 3760 eorum
905 3682 1156 3769 seditionibus,
1181 3707 1283 3782 quam
1308 3686 1441 3758 incola-

245 3805 324 3856 rum
345 3782 498 3859 motibus
517 3775 728 3874 Respublica
741 3780 881 3877 prorsus
892 3780 1053 3857 videatur
1070 3780 1205 3868 eversa,
1224 3803 1305 3854 cum
1319 3801 1437 3854 tamen

245 3879 468 3952 omnimodo
491 3876 656 3971 placandi
678 3877 797 3950 ellent.
846 3878 1011 3961 Albanus,
1038 3900 1111 3973 quo
1129 3878 1230 3951 citius
1249 3874 1441 3973 meliusque

245 3978 283 4052 id
305 3971 536 4070 alloqueremr
551 3971 848 4049 Amllerodamum
865 3972 900 4066 se
918 3976 1080 4048 contulit.
1129 3972 1206 4047 Ubi
1229 3970 1370 4048 tandem
1398 3996 1440 4049 ea

247 4095 304 4148 ret
321 4071 513 4166 composita
529 4065 592 4154 est.
1058 4137 1064 4146 ,
1111 4102 1115 4113 ·
1240 4131 1245 4138 ,

294 4167 428 4242 LXVI.
453 4169 610 4244 nunant
636 4163 716 4242 crim
732 4165 934 4246 intelexlllet
951 4183 1026 4242 tem
1039 4165 1077 4239 in
1097 4163 1278 4247 Zellaodia
1302 4165 1440 4263 optime

246 4263 394 4358 gellam,
418 4288 485 4362 per
502 4267 605 4356 illos,
618 4287 707 4361 quos
722 4263 927 4342 consecutos
945 4261 1161 4357 Banounstun
1185 4272 1265 4338 cum
1287 4262 1438 4338 Antver-

245 4360 342 4458 piam
370 4363 557 4457 tenderet,
592 4360 696 4462 supra
718 4364 898 4535 dlaimosz,
934 4359 1102 4460 prosperi
1127 4359 1271 4438 fortuni
1298 4363 1436 4436 elatos,
1470 4450 1474 4457 ‚

910 4477 929 4551 3
1320 4471 1438 4544 quim·
