3984 5167
535 520 619 605 228
677 510 712 620 J.
741 507 788 596 u.
813 531 896 638 ⁴nt
933 466 1179 596 Tnssrs
1217 474 1604 596 commutet.
1679 498 1684 506 ’
1725 479 1736 495 ’

390 706 493 798 1576.
534 749 559 783 ‚‚
584 705 621 776 in
640 699 814 798 praeditlis
829 697 927 770 bellis
949 697 993 770 ab
1010 698 1136 769 incolis
1153 693 1371 786 Hollandiae,
1388 695 1587 789 zelandiae„
1613 693 1748 775 aliil've:¹

537 844 561 879 ‚‚
586 804 789 890 intercaepta
807 793 906 879 sunt,
931 815 1037 888 prout
1061 791 1188 889 Regis,
1215 791 1452 887 disiarumque
1472 791 1735 870 provinciarum

537 939 560 975 η
586 897 736 980 utilitas,
763 893 800 964 δι
826 893 910 962 unio
929 889 1106 984 postulare
1125 887 1323 962 videbitur:
1348 889 1417 982 qua
1433 890 1470 959 in
1489 897 1530 963 re
1553 900 1739 966 neutraex

538 1036 562 1073 ‚‚
586 1013 687 1086 parte
717 987 939 1072 contradici,
973 1005 1032 1058 aut
1060 985 1370 1079 impedimentum,
1403 989 1460 1058 vel
1488 1009 1587 1057 mora
1619 985 1750 1063 afferri

464 1113 468 1130 ¹
537 1131 562 1166 ‚‚
586 1088 741 1182 poterit,
767 1081 826 1156 seu
844 1084 998 1177 legibus,
1023 1081 1324 1167 ordinationibus,
1351 1083 1665 1167 declarationibus,
1681 1107 1735 1156 re·

539 1225 564 1261 ,,
588 1181 837 1261 solutionibus,
863 1199 941 1272 quas
967 1180 1041 1250 illic
1073 1176 1179 1262 fient,
1204 1175 1260 1248 seu
1287 1179 1487 1250 executioni
1514 1180 1734 1266 earumdem,

540 1321 564 1356 ‚s
589 1282 633 1352 ad
650 1299 799 1374 quorum
832 1297 987 1345 omnium
1012 1264 1288 1357 observatiobes,
1313 1273 1423 1345 ambae
1439 1274 1508 1346 illas
1525 1297 1663 1370 partes,
1684 1279 1739 1349 in·

540 1417 564 1454 η
589 1397 707 1469 tegra,
732 1374 769 1444 &
785 1371 880 1442 bonai
904 1369 971 1442 fide
1000 1369 1035 1442 se
1058 1367 1272 1442 submittunt.
1642 1418 1646 1422 -

591 1515 614 1550 2,
639 1465 801 1542 XXXVI.
843 1465 954 1554 Quod
979 1467 1015 1538 in
1043 1465 1218 1560 posterum
1241 1461 1421 1559 utriusque
1451 1467 1560 1560 partis
1583 1468 1733 1552 incolae,

491 1632 495 1638 .
543 1609 567 1644 η
593 1563 838 1660 cujuscumque
857 1563 1026 1647 nationis,
1052 1558 1185 1649 status,
1206 1563 1406 1654 qualitatis,
1439 1583 1500 1635 aut
1528 1564 1742 1638 conditionis

542 1705 566 1740 n
591 1661 742 1748 fuerint,
766 1657 880 1732 libere
891 1710 903 1746 ,
930 1654 968 1728 δι
988 1657 1105 1730 secure
1128 1657 1260 1750 ubique
1282 1657 1461 1742 habitare,
1485 1657 1740 1753 frequentare,

542 1802 568 1834 η
594 1764 669 1839 ire,
695 1756 831 1840 redire,
856 1753 1021 1839 manere,
1044 1755 1216 1847 negotiari
1231 1771 1417 1847 poterunt:
1441 1752 1483 1826 ed
1501 1773 1613 1826 tamen
1631 1751 1736 1853 lege,

543 1895 568 1931 n
594 1877 633 1926 ut
651 1854 788 1924 civibus
815 1847 1035 1932 Hollandiae,
1063 1846 1264 1935 Zelandiae,
1301 1871 1360 1923 aut
1386 1849 1462 1922 aliis
1488 1849 1739 1948 'cujuscumque

545 1993 569 2029 ‚‚
595 1949 765 2036 nationis,
789 1947 985 2040 qualitatis,
1009 1946 1066 2016 seu
1083 1945 1293 2018 conditionis
1315 1945 1401 2031 fint,
1425 1968 1496 2016 non
1517 1949 1618 2019 liceat
1632 1949 1669 2019 in
1684 1951 1752 2022 hit·

546 2091 570 2125 η
595 2046 776 2141 partibus,
805 2063 904 2116 extra
919 2039 1028 2115 didius
1043 2040 1246 2115 Provincias
1265 2039 1740 2130 Hollandiae,Zelandiae,&

547 2185 571 2220 n
597 2143 742 2215 aliomm
762 2141 923 2212 locorum
949 2137 1218 2225 associatorum,
1243 2142 1279 2208 in
1307 2142 1495 2232 perniciem
1520 2141 1677 2234 quietis,
1702 2140 1743 2214 dr

547 2281 572 2316 „
596 2237 697 2310 Pacis
716 2237 890 2333 publicae,
915 2235 952 2309 &
975 2231 1125 2305 maxime
1136 2233 1334 2329 Religionis
1345 2235 1538 2309 Catholicae
1549 2235 1738 2321 Romanae,

549 2377 572 2411 η
598 2331 713 2428 ejusve
732 2333 888 2406 exercitii
905 2329 1139 2426 quidcumque
1155 2351 1308 2416 tentare,
1330 2335 1391 2405 vel
1403 2333 1536 2412 moliri.
1552 2353 1610 2403 ant
1621 2355 1743 2428 quem·

549 2471 573 2510 n
599 2453 704 2524 quam
722 2431 788 2500 hac
809 2427 853 2500 de
871 2425 968 2500 causa
987 2428 1140 2520 injuriis,
1156 2423 1274 2513 iasio,
1294 2429 1355 2504 vel
1373 2429 1484 2502 verbo
1502 2427 1747 2512 lacessere,aut

548 2575 576 2616 ,‚
599 2530 701 2598 etiam
721 2521 965 2606 scandalisare,
991 2547 1035 2596 ne
1052 2543 1228 2618 tamquam
1246 2524 1399 2619 publicae
1417 2525 1545 2619 quietis
1562 2525 1742 2620 perturba·

549 2666 572 2700 η
598 2643 712 2706 tores,
726 2620 762 2692 δι
774 2641 813 2690 ut
830 2621 904 2692 aliis
918 2617 983 2690 fint
1001 2621 1188 2712 exemplo,
1213 2622 1414 2714 puniantur.

559 2743 565 2753 ’
599 2760 622 2794 2,
648 2713 830 2788 XXXVll.
855 2715 976 2808 Atque
993 2739 1036 2787 ne
1053 2716 1130 2808 quis
1146 2717 1282 2790 interim
1298 2717 1570 2801 criminationis,
1592 2717 1743 2810 preben-

551 2856 574 2889 η
600 2811 724 2896 donis,
742 2833 801 2883 aut
817 2813 933 2883 damni
949 2811 1126 2905 periculo,
1141 2811 1265 2884 leviter
1281 2833 1500 2908 exponatur,
1517 2815 1654 2897 tunsis,
1663 2835 1754 2907 qua*

457 2993 461 2998 ,
553 2951 576 2985 η
602 2908 764 2982 hastenus
782 2905 886 3000 super
901 2905 1021 2979 haerefi
1039 2909 1108 2979 lata
1122 2905 1201 2978 sunt
1215 2907 1347 2992 edida,
1368 2907 1748 3008 capitalesquelDucc

553 3045 576 3082 s,
601 3003 691 3074 Albae
708 3000 807 3074 faetae
823 3001 1078 3088 ordinationes,
1103 3025 1266 3077 earumve
1285 3003 1744 3098 consequentiae‚&exeeu7

458 3094 460 3100 ’
553 3141 576 3178 ,‚
603 3099 714 3171 tiones
730 3095 1000 3192 suspendentur,
1025 3097 1138 3171 donec
1152 3100 1196 3169 ab
1211 3097 1379 3170 univerlis
1400 3100 1620 3186 Ordinibus,
1646 3105 1751 3176 aliter

552 3237 575 3272 n
602 3193 778 3268 decretum
797 3193 856 3279 stt,
881 3196 987 3266 model
1008 3197 1170 3282 nullum,
1195 3217 1266 3279 en,
1293 3219 1367 3292 quo
1390 3194 1519 3270 diam
1545 3198 1592 3270 est
1615 3201 1747 3288 modo,

553 3335 576 3370 n
602 3291 799 3366 scandalum
825 3291 907 3361 inde
931 3289 1072 3362 oriatur.
1655 3298 1659 3307 '

490 3429 493 3439 ι
602 3385 850 3480 „XXXVllL
883 3383 993 3473 Quod
1023 3382 1135 3458 ditius
1161 3387 1359 3483 Princeps,
1394 3388 1577 3463 Generalis
1610 3391 1751 3475 maris,

555 3525 578 3560 „
603 3481 804 3578 Regiusque
827 3479 1086 3555 provinciarum
1111 3481 1332 3567 Hollandiae,
1357 3483 1555 3566 Zelandiae‚
1585 3483 1752 3559 Bomme·

554 3623 578 3658 ‚,
603 3580 679 3667 liae,
705 3582 919 3674 aliorumque
938 3579 1096 3652 locomm
1117 3581 1432 3653 confoederatorum
1458 3577 1647 3653 Praefeetus
1669 3605 1752 3674 per·

555 3719 578 3752 η
605 3676 780 3760 manebit,
804 3695 841 3746 ut
856 3676 1003 3768 ubique,
1028 3677 1081 3747 uti
1106 3699 1197 3748 nunc
1223 3674 1328 3765 facit,
1353 3678 1504 3774 imperet
1521 3700 1600 3750 cum
1628 3675 1752 3750 iisdem

556 3771 797 3855 merlinianis,
823 3769 861 3843 dt
883 3771 1144 3868 Magistratibus
1170 3770 1299 3864 absque
1333 3776 1420 3846 ulla,
1437 3778 1656 3859 mutatione,
1691 3775 1753 3846 vel

555 3907 579 3942 n
604 3868 832 3942 innovatione
857 3868 916 3940 nifi
943 3865 1111 3961 exipsius
1134 3868 1321 3957 consensu,
1348 3867 1386 3941 dt
1414 3871 1615 3952 voluntate,
1638 3869 1753 3964 idque

555 4003 579 4038 „
603 3984 669 4054 pro
689 3965 824 4036 ratione
842 3967 978 4038 urbium
995 3965 1032 4036 δι
1048 3966 1232 4046 locorum,
1259 3989 1339 4060 quae
1368 3965 1388 4036 a
1413 3964 1471 4037 sua
1496 3965 1568 4045 Ere
1603 3969 1640 4037 in
1658 3989 1747 4060 prae·

534 4101 578 4143 ,n
604 4057 677 4130 sens
697 4077 935 4154 occupantur,
961 4057 1143 4154 quousque
1166 4063 1266 4133 aliter
1292 4064 1336 4134 ab
1361 4060 1526 4134 universis
1556 4061 1753 4136 Ordinibus

556 4195 580 4232 v
604 4155 680 4247 post
698 4153 956 4247 Hispannorum
980 4154 1154 4226 discell'um
1175 4156 1342 4230 sancitum
1360 4156 1438 4239 fuit,

606 4290 629 4323 η
653 4249 802 4322 XXXIX
844 4251 974 4341 Quoad
995 4251 1098 4336 urbes
1114 4274 1230 4331 autem
1251 4255 1289 4328 ἂ
1305 4260 1382 4326 loca
1411 4253 1471 4326 sub
1491 4255 1752 4346 commilitone,

556 4387 580 4426 n
605 4367 708 4441 quam
725 4345 745 4424 l
765 4341 868 4468 Rege
881 4349 986 4427 habet
1003 4399 1018 4440 ,
1039 4353 1228 4445 contenta,
1253 4373 1332 4448 quae
1350 4351 1389 4426 iu
1411 4351 1754 4524 presentiarumssffeb
1855 4385 1865 4408 ·

1310 4499 1315 4508 ¹
1620 4493 1645 4530 U
