3984 5167
331 539 627 639 ornan
697 536 1217 635 saturnus.
1315 570 1396 662 515

202 734 331 826 luerit,
355 738 471 811 donec
485 736 580 831 apud
603 736 772 807 Atrebates
797 730 866 826 (ut
881 731 939 806 suo
961 734 1043 806 loco
1059 730 1218 826 dicetur)
1242 735 1316 807 vitai
1338 758 1397 810 ex·
1443 742 1545 837 1592.

200 832 310 911 uellit.
338 831 500 905 Habebat
517 854 596 903 curn
616 834 685 903 hoc
703 828 876 902 accideret
891 852 960 901 nun
974 832 1080 923 longe
1097 850 1249 922 equum,
1265 835 1396 923 quoad
1570 890 1573 893 .

205 929 288 1007 suot
302 928 453 1015 delatus,
465 929 584 1001 exuste
597 926 678 1000 dein
695 926 865 999 curationi
877 927 1059 999 incubuit:
1076 925 1205 998 nullam
1223 930 1397 1000 taruenob

203 1046 391 1123 acceptum
405 1026 662 1098 vulnuscuram
682 1020 852 1113 baptenti
875 1043 938 1115 per
946 1024 1039 1095 ⁴ulios
1060 1022 1186 1117 oppidi
1204 1023 1395 1109 omittunt,
1515 1113 1519 1119 .

131 1163 134 1173 ‹
204 1121 261 1195 tui
277 1120 405 1195 accidit
429 1122 551 1215 paucis
568 1118 645 1213 post
670 1119 809 1200 diebus,
828 1141 914 1191 eunt
938 1121 1119 1193 Lomrttius
1141 1117 1219 1213 post
1243 1117 1396 1211 aliquan·

206 1236 281 1291 tarn
316 1214 405 1289 muri
437 1216 730 1300 demolitionem,
754 1214 926 1305 oppidum
954 1214 999 1285 ad
1019 1214 1238 1296 deditionem
1265 1214 1418 1307 coligit..

207 1312 369 1389 «tierricus
385 1330 506 1386 contra
515 1361 528 1397 ,
545 1312 703 1404 quamvis
721 1306 883 1395 ceillier,
898 1310 984 1381 nihil
996 1328 1110 1381 tamen
1121 1307 1400 1405 deprillinivir·

202 1427 303 1496 tute,
329 1407 480 1502 oririque
499 1404 647 1487 remifit,
673 1426 715 1479 ac
730 1426 918 1501 properare
938 1404 1032 1498 juffis
1047 1410 1243 1480 recentibus
1263 1404 1403 1501 aliquot

205 1503 343 1598 copiis,
367 1524 455 1598 quus
469 1500 731 1597 expoliarent,
743 1522 828 1573 ¹cum
841 1503 912 1591 janu
931 1499 1186 1590 adventallent,
1207 1499 1304 1575 netto
1316 1504 1400 1575 Par·

204 1596 338 1693 tnetfim
362 1594 481 1673 versut
498 1597 645 1671 tendens
661 1600 806 1683 itinere,
831 1596 976 1668 dimidio
1002 1620 1073 1669 non
1090 1599 1244 1695 amplius
1272 1597 1399 1671 miliari
1471 1640 1474 1645 -

200 1695 248 1769 ab
266 1692 415 1790 ejusdem
436 1692 581 1779 coibit,
602 1694 711 1765 inuno
734 1694 901 1787 potiusin
917 1690 1006 1787 :ipfis
1031 1690 1148 1766 castris
1165 1746 1176 1776 ,
1196 1689 1311 1769 -castra
1326 1714 1398 1791 po·

202 1789 291 1878 suit,
315 1814 394 1863 curn
418 1790 458 1862 in
477 1812 571 1884 pago
590 1790 696 1863 luetur
719 1790 768 1876 *.,
798 1788 862 1861 ubi
884 1787 1059 1877 consedit,
1084 1788 1329 1875 conlisterent,
1353 1810 1396 1865 ae

201 1885 387 1964 stationem
413 1905 694 1981 toncagerent,
718 1887 851 1981 aliquot
878 1886 1045 1958 Dtmtnoi
1067 1908 1189 1959 turmae
1216 1886 1395 1983 equitum,

229 2006 290 2057 uas
306 1982 387 2056 inde
402 1982 526 2055 cedere
547 1983 677 2076 co'e'git.
726 1980 835 2055 Fama
850 1978 898 2052 est
917 1977 1046 2077 Pagurn
1065 1983 1280 2055 huncluttot
1291 1984 1398 2067 olim,

198 2096 201 2103 ·
240 2079 322 2174 egio
339 2075 556 2151 titulotunle
575 2077 779 2152 decoratum
794 2077 814 2149 ‘a
835 2076 961 2149 Galliae
986 2098 1071 2150 tunc
1089 2080 1259 2175 temporie
1277 2074 1397 2172 Rege,

199 2175 238 2248 iu
266 2172 423 2247 solatium
446 2175 637 2248 liberorum
668 2171 818 2268 ejusdem
846 2173 917 2246 looi
941 2172 1118 2260 Domini,
1142 2196 1249 2269 quem
1272 2172 1396 2270 injuste
1459 2214 1463 2218 -

200 2271 320 2367 capite
336 2270 440 2363 plecti
453 2268 607 2363 iuberet.
632 2266 763 2343 Manfit
786 2268 835 2341 ibi
857 2272 975 2363 paucis
999 2270 1146 2357 diebus,
1170 2272 1276 2344 variis
1297 2270 1400 2341 dimi
1431 2297 1442 2305 ·

200 2366 402 2442 cationibut
421 2363 688 2439 velitationibus
729 2382 900 2457 etempus
921 2383 1036 2437 terens
1059 2364 1117 2437 “.
1143 2362 1265 2460 postea
1291 2362 1397 2439 defle·
1431 2373 1474 2411 *³
1500 2372 1556 2431 llic

198 2463 300 2537 biens
320 2460 364 2534 ad
380 2460 559 2535 dexterum
573 2461 701 2555 propin
733 2460 853 2532 adbuc
873 2457 1025 2531 frontem
1046 2457 1099 2533 sui
1115 2462 1293 2533 exercitus
1311 2461 1398 2532 Ptr-
1434 2444 1575 2526 ΨΜ

1385 2558 1394 2571 ·
1430 2540 1505 2599 opus.

197 2555 314 2651 mnſst
337 2556 555 2652 juvabatur,
593 2556 742 2629 eundem
761 2557 948 2648 privaret,
979 2553 1108 2629 stetere
1134 2558 1182 2627 ita
1204 2555 1397 2651 propinqui
1431 2604 1491 2680 Ego
1508 2620 1558 2662 m,

199 2676 297 2727 unus
319 2654 355 2723 bt
371 2654 457 2725 alter
475 2651 649 2725 exercitus
663 2672 730 2746 per
747 2650 946 2744 quindecim
964 2649 1058 2735 dies,
1079 2672 1228 2743 cumque
1240 2652 1396 2723 Parmen-
1430 2694 1482 2739 m,
1494 2680 1552 2737 Da·

182 2746 241 2846 ,fis
266 2748 399 2843 aliquot
423 2747 537 2842 copiae
562 2748 685 2819 domos
714 2743 874 2839 quasdam
897 2743 1105 2819 rusticorum
1125 2748 1221 2820 vallo
1244 2750 1395 2842 undique
1430 2776 1485 2818 vus
1498 2760 1573 2834 Just.

200 2845 354 2919 munitas
397 2845 474 2931 (ut
505 2843 556 2915 ibi
581 2839 723 2935 moris)
769 2840 1022 2935 occupassent,
1047 2842 1141 2920 unde
1165 2845 1305 2915 alterius
1332 2865 1394 2916 no·
1429 2835 1466 2931 ᾧ
1488 2836 1554 2899 nult

198 2962 284 3021 cere
317 2938 452 3013 Hemico
479 2957 552 3011 orat
579 2934 703 3023 facile,
731 2938 882 3031 quodam
909 2935 966 3011 die
990 2936 1122 3010 summo
1142 2938 1248 3011 ruane
1268 2940 1327 3012 illc
1344 2942 1395 3012 in·
1418 2915 1542 3069 m

198 3035 331 3113 ortuo
349 3034 392 3109 ad
431 3032 722 3129 ugnantexercitu
732 3082 743 3118 ,
754 3034 809 3119 vi,
826 3054 890 3105 nec
905 3052 978 3105 non
994 3034 1121 3107 damno
1137 3036 1257 3129 aliquo
1268 3033 1392 3109 nostris
1426 3086 1474 3128 nec
1495 3082 1575 3145 „W

198 3134 324 3226 illuto,
349 3152 394 3205 eo
433 3152 488 3203 em
508 3131 590 3204 loco
609 3127 734 3203 cedere
749 3130 879 3223 co'e'git
903 3128 1017 3223 Quod
1032 3151 1118 3204 -cum
1130 3122 1394 3204 ‘animadvertis-
1428 3165 1476 3205 nec
1488 3160 1534 3221 pes

193 3227 252 3306 set
267 3222 473 3319 Pormrnfis,
495 3226 699 3320 nullumque
716 3223 789 3319 jam
806 3224 854 3298 ob
872 3224 980 3300 hostis
1003 3228 1244 3310 vicinitatem,
1268 3244 1394 3320 poten·
1425 3236 1576 3316 olm.

196 3324 355 3419 nanque
375 3324 464 3397 ultra
478 3342 545 3417 pro
587 3319 722 3427 etiiendi
740 3317 910 3417 superclio
928 3321 1092 3407 modum,
1106 3322 1152 3393 de
1170 3320 1283 3395 reditu
1298 3321 1394 3415 cogi·
1425 3300 1491 3361 ΝΜ
1505 3302 1536 3361 ¹⁴

198 3440 310 3504 tant,
341 3418 443 3491 noste
471 3344 620 3511 quiffim
644 3413 868 3491 insciohoste
885 3416 1093 3487 Caudebecam
1118 3436 1200 3489 cum
1233 3421 1394 3492 exercitu
1422 3378 1530 3516 ,w

195 3510 406 3599 contebdit,
429 3513 661 3607 navigioque,
686 3507 954 3607 quibusflurneu
967 3510 1195 3607 trajiceretur,
1211 3515 1393 3609 conquiri,
1424 3548 1564 3610 ,mmm

189 3606 393 3701 instruique
408 3604 508 3697 julite.
533 3607 617 3682 Fuit
627 3608 805 3681 exercitus
818 3602 882 3678 sub
895 3606 957 3681 dio
970 3628 1085 3703 prope
1101 3607 1391 3707 civitqten,prae·
1424 3618 1469 3673 vts
1484 3628 1549 3707 quw

192 3726 257 3782 ter
273 3702 362 3777 levit
381 3720 594 3792 armaturae,
621 3727 666 3781 uc
685 3699 985 3800 cutapbrtbtororn
1002 3704 1222 3800 equitatum,
1247 3708 1310 3800 qui
1330 3704 1393 3778 de·
1417 3689 1524 3771 sm·

191 3795 343 3877 teuent
370 3796 624 3892 aliquantulum
649 3800 695 3873 ad
724 3800 928 3887 dexteram,
969 3800 1007 3873 in
1032 3802 1167 3895 aliquot
1188 3800 1395 3877 tnstioomtu

192 3892 286 3976 cafit
321 3893 365 3969 ad
383 3894 579 3989 marginem
608 3891 784 3993 cuiusdam
807 3896 992 3983 torrentis,
1015 3895 1200 3983 ridebatur
1222 3896 1302 3973 tuto
1330 3894 1396 3974 sthi

192 3988 297 4092 poss'e
308 3986 511 4067 confistere:
528 3987 587 4065 sed
604 3989 643 4065 δι
661 4012 705 4066 eo
719 3990 860 4087 postero
876 3992 932 4066 die
948 3992 1128 4089 expeditas
1136 3990 1294 4067 Henricur
1303 3991 1396 4069 milit

191 4088 449 4265 tibet?
466 4083 718 4267 {i‘lile‘imnffi
734 4086 1393 4287 ,gtltblllilttltbffl

197 4272 199 4277 ,
417 4235 431 4276 Ι
1012 4240 1028 4283 2
1318 4232 1394 4364 ὦ

208 4376 254 4481 ’,
322 4386 502 4469 tuvetot.
678 4456 683 4467 .
923 4452 961 4483 ,.

739 4477 915 4559 .'l'tta
1034 4479 1081 4532 ’-
