3984 5167
559 572 641 688 528
698 570 734 679 J.
763 564 810 655 n.
840 588 912 655 nr
939 535 1203 656 Tussis
1241 554 1633 655 commoror.

404 774 508 850 1593·
558 808 581 844 η
607 762 704 851 sunt,
731 763 768 837 &
789 762 991 857 explorata,
1016 782 1056 832 nt
1072 756 1287 853 superfluum
1303 756 1372 831 elle
1386 756 1573 831 existimem
1588 758 1695 834 latius
1711 758 1755 835 de
1881 843 1882 850 Ν

560 904 585 941 „
608 858 703 935 hisce
722 856 894 933 differere.
936 858 1053 953 Atque
1080 876 1120 930 ut
1142 856 1187 928 ad
1214 858 1280 928 alia
1306 879 1474 954 pergam,
1496 854 1614 929 nescio
1630 860 1753 953 plane,

560 1001 584 1037 ‚‚
610 958 694 1051 quid
712 957 842 1052 majus,
867 954 1000 1051 quidve
1023 958 1133 1049 magis
1149 951 1303 1046 insigne,
1329 952 1417 1049 quid
1431 952 1469 1025 in
1483 948 1585 1047 Rege
1607 978 1754 1050 magno,

561 1099 585 1135 „
611 1075 715 1150 atque
740 1052 927 1126 Cathollco
948 1053 1099 1123 inveniri
1116 1048 1217 1146 polilt
1241 1052 1578 1143 laudabilius,qnam
1597 1051 1689 1124 inter
1704 1072 1756 1125 tot
1881 1129 1882 1150 χ

565 1195 590 1231 η
615 1154 775 1248 injurias,
801 1147 924 1243 easque
940 1148 1107 1220 maximas
1127 1148 1148 1219 ὶ
1166 1146 1287 1221 vestris
1302 1146 1460 1242 Regibus
1476 1148 1610 1229 illatas,
1624 1150 1756 1244 patien·
1881 1155 1882 1234 ξ

561 1290 586 1327 η
611 1252 695 1325 tiam
729 1249 781 1320 illi
813 1270 884 1319 non
908 1240 1083 1318 deluiffe?
1107 1239 1245 1338 Regina
1273 1244 1393 1318 Mater
1412 1241 1475 1317 sub
1501 1243 1754 1335 limantio,
1881 1271 1882 1332 ξ

562 1350 794 1425 „immemor
819 1342 949 1439 (qnod
976 1362 1087 1437 cogor
1118 1338 1270 1437 dicere)
1295 1340 1551 1435 praeteritorum
1575 1340 1756 1418 beneficio
1881 1335 1882 1346 ¹

562 1487 586 1524 „
612 1466 713 1527 rum,
738 1441 793 1514 bis
816 1438 981 1515 laceffivit
1012 1434 1113 1511 clalle
1136 1454 1261 1511 contra
1281 1460 1336 1512 res
1356 1434 1489 1510 nostras
1512 1432 1689 1531 Lufiraner
1710 1444 1756 1513 in·

563 1584 587 1619 ‚‚
612 1536 767 1627 structa,
802 1532 938 1635 Regem
968 1530 1201 1609 Catholicum.
1253 1530 1347 1625 Dux
1375 1552 1545 1629 cognatus
1571 1541 1759 1633 occupavit

563 1680 587 1719 η
615 1638 849 1723 dumetorum,
876 1634 913 1709 dr
930 1652 1095 1727 quautam
1123 1632 1239 1727 potuit
1264 1634 1372 1726 Belgis·
1385 1652 1532 1726 partem.
1557 1628 1758 1731 Utrumque
1881 1689 1882 1692 ,

563 1777 589 1813 η
616 1734 770 1805 Hauricus
788 1732 900 1827 juvit,
924 1750 985 1801 aut
1005 1748 1100 1804 certe
1118 1752 1198 1802 cum
1215 1728 1380 1813 deberet,
1404 1724 1444 1801 dc
1461 1724 1598 1824 pulset,
1624 1736 1696 1803 nun
1711 1734 1758 1806 eis

497 1863 505 1876 ·
565 1874 589 1910 n
614 1826 839 1904 contradixit.
878 1820 1116 1899 Perseveravit
1131 1826 1359 1900 nihilominus
1377 1846 1448 1897 non
1469 1848 1514 1896 ex
1530 1826 1756 1921 impotentia,

565 1970 589 2007 „
616 1926 711 2025 quod
729 1943 824 1997 totus
840 1924 934 1998 orbis
949 1921 1132 2018 intelligit,
1156 1922 1213 1995 sed
1226 1920 1474 1997 exChristiani
1490 1920 1755 2014 benevolendi,

566 2068 591 2104 n
616 2024 774 2097 constans
789 2022 826 2092 in
843 2018 995 2093 amicitid
1013 2015 1093 2092 Rex
1112 2044 1233 2103 meus3
1259 2020 1448 2115 maluitque
1467 2014 1602 2101 fibimet
1627 2020 1756 2115 aliquo·

566 2163 591 2201 „
617 2120 723 2193 modo
750 2113 882 2202 deell'e,
915 2136 1019 2211 quarn
1043 2117 1210 2190 lacelsrtns
1230 2116 1365 2213 injuriis
1388 2136 1633 2210 cognatum,
1658 2138 1759 2191 occa·

568 2260 593 2297 „
617 2212 747 2289 saonem
765 2216 834 2287 illis
850 2210 1069 2308 resipiscendi
1088 2214 1275 2309 abripere,
1305 2210 1407 2287 &fic
1426 2214 1564 2286 tandem
1584 2214 1756 2289 calamita·

568 2310 885 2406 „rempublicam
928 2330 1111 2383 raecavere.
1139 2308 1232 2383 Sunt
1250 2310 1336 2389 alia,
1362 2330 1442 2406 quae
1452 2309 1605 2383 breviter
1618 2312 1759 2404 quidem

567 2454 592 2491 2,
618 2408 856 2505 perstringam.
943 2404 1053 2479 eeeffir
1072 2430 1115 2479 ex
1131 2406 1200 2480 hac
1220 2406 1294 2479 vitai
1320 2402 1405 2478 Dux
1422 2406 1635 2498 Alenfonirtr,
1658 2428 1759 2502 atque

567 2551 592 2588 n
617 2530 661 2581 ex
681 2528 726 2577 eo
742 2526 901 2599 tempore
921 2500 1086 2597 Princeps
1108 2498 1311 2593 Biornenfir‚
1361 2501 1398 2575 ui
1420 2501 1528 2573 hodie
1544 2503 1696 2576 minatur
1710 2504 1759 2576 in·

568 2646 592 2683 n
619 2602 758 2677 teritum
774 2597 952 2696 Religioni
976 2600 1120 2687 nostrae,
1146 2598 1191 2671 ad
1220 2600 1324 2693 hujus
1385 2599 1465 2693 egui
1496 2595 1633 2695 sceptra
1658 2603 1764 2697 toepit

568 2744 592 2780 „
619 2698 780 2794 aspirare.
805 2697 913 2771 Fovit
933 2696 1002 2771 hoe
1020 2694 1313 2771 demonstratione
1331 2694 1473 2791 publici
1486 2692 1568 2767 Rex
1581 2694 1759 2788 Henrr'rns,

489 2812 494 2818 '
569 2840 593 2874 η
619 2800 667 2871 ita
700 2815 739 2867 ut
765 2789 900 2867 necess‘e
926 2794 1088 2866 duxerint
1113 2790 1255 2890 Fratres
1280 2788 1453 2886 Guifiani,
1484 2814 1663 2887 nunquam
1685 2788 1763 2866 satis

570 2936 597 2971 η
621 2891 751 2965 laudati
777 2886 978 2985 Principes,
1004 2890 1160 2983 cogitare
1180 2891 1224 2962 de
1251 2892 1404 2961 remedio
1431 2888 1518 2960 tanti
1544 2884 1649 2986 hujus
1673 2892 1762 2963 mall.

570 2986 804 3083 „indigebat
835 3009 891 3059 res
920 3003 1015 3057 tanta
1049 2985 1356 3081 magnisviribus,
1384 2984 1422 3059 &
1444 2983 1583 3081 opibus.
1638 2986 1777 3059 lnirunv

570 3128 594 3165 η
619 3082 732 3157 foedus
750 3080 837 3168 fuit,
857 3082 953 3177 quod
971 3083 1089 3177 gravis
1105 3083 1220 3155 oneris
1235 3078 1319 3153 ellet
1333 3077 1425 3175 Regi
1438 3104 1529 3156 meo.
1549 3077 1761 3179 Exemplum

571 3224 594 3263 η
621 3181 694 3276 ejus
719 3180 826 3253 exstat
844 3178 1077 3274 descriptum
1101 3178 1187 3253 illud
1206 3176 1394 3262 consulite,
1421 3179 1509 3250 nihil
1533 3180 1569 3250 iu
1594 3200 1638 3251 eu
1668 3182 1762 3252 inve·

569 3323 593 3360 n
620 3279 744 3361 nietis,
769 3278 863 3373 quod
883 3276 976 3349 aliud
995 3271 1126 3442 sapiat,
1151 3296 1256 3372 quam
1281 3298 1409 3349 meram
1435 3274 1630 3370 pietatem:
1656 3278 1762 3360 nihil,

569 3418 594 3456 ‚,
645 3377 717 3450 uod
737 3375 757 3449 t
780 3374 903 3455 bonis,
929 3366 1030 3449 &Re
1044 3368 1160 3467 igiofis
1179 3374 1265 3447 viris
1281 3372 1406 3467 merito
1426 3372 1639 3469 reprehendi
1655 3366 1766 3471 podir.

568 3516 594 3553 η
619 3402 745 3546 i'oluit
773 3466 939 3567 Majestas
966 3466 1151 3544 Catholiea
1179 3471 1282 3545 vobis
1313 3466 1451 3541 mature
1479 3464 1690 3557 consulere,
1722 3488 1767 3545 ne

568 3616 592 3653 .,
617 3571 785 3645 videlicet
807 3564 913 3663 ipsius
942 3582 1073 3661 opere,
1110 3566 1149 3641 δι
1174 3564 1326 3640 confiliis
1350 3564 1544 3660 neglettis,
1575 3569 1621 3639 ali
1647 3567 1767 3641 nando

566 3712 591 3751 ‚‚
617 3667 779 3761 tandem,
806 3664 903 3761 quod
929 3654 1086 3737 futurum
1105 3664 1220 3737 animo
1236 3664 1424 3736 'videbatur
1437 3590 1704 3761 periretisqurp
1732 3688 1769 3737 e·

565 3810 589 3847 η
615 3764 740 3841 ditavit
767 3750 982 3835 numerosam
1003 3760 1208 3855 pecuniam,
1233 3757 1439 3871 coadiulque
1462 3758 1529 3834 suit
1548 3748 1629 3835 Rex
1747 3775 1770 3833 r

463 3916 467 3933 .
565 3907 589 3944 ι,
615 3866 659 3939 ad
675 3863 815 3956 azylum
830 3849 1027 3955 Religionis
1052 3855 1089 3931 se
1113 3857 1290 3953 recipere,
1316 3858 1354 3932 δι
1377 3861 1402 3929 la
1429 3856 1499 3931 hoc
1526 3874 1643 3931 urente
1670 3858 1766 3933 bun!

565 4003 589 4039 e
615 3958 763 4055 zeloque
783 3944 938 4039 lecillet,
959 3953 1188 4051 jampridem
1208 3952 1306 4027 certe
1322 3954 1474 4028 extinsta
1492 3946 1606 4028 fuillet
1622 3954 1764 4030 ltaerefis

563 4097 588 4135 n
612 4056 753 4129 flamma
775 4054 810 4125 in
827 4054 899 4139 hoc
918 4045 1056 4147 Regno.
1082 4046 1212 4125 Noluit
1229 4048 1390 4126 Demone
1410 4050 1487 4123 iusti
1513 4068 1618 4136 ante;
1639 4052 1758 4145 ltaque

562 4193 587 4229 η
612 4150 632 4226 l
650 4148 744 4227 merri
760 4150 884 4225 horum
905 4154 1075 4226 malorum
1086 4152 1132 4223 ad
1145 4172 1312 4240 carceres
1323 4075 1620 4234 revocationes,
1635 4162 1765 4219 novae·

561 4290 585 4329 n
611 4268 680 4342 que
698 4241 814 4324 rursus
832 4246 990 4342 pecuniae
1016 4263 1207 4321 numeratae
1223 4246 1335 4345 sunt,¹
1354 4244 1522 4343 omnique
1539 4240 1676 4339 tandem
1695 4259 1768 4319 ne»

560 4386 583 4425 n
608 4338 726 4443 gletlo
752 4343 908 4441 periculo
933 4338 1161 4438 adapertum
1183 4342 1340 4419 Martem
1371 4360 1518 4418 ventum
1543 4342 1599 4437 est.
1649 4336 1764 4416 cera

558 4484 582 4525 υ
608 4440 768 4544 quadarn
791 4434 891 4521 luere
908 4442 1024 4539 copiae
1043 4441 1170 4520 nostrae
1190 4443 1229 4522 in
1241 4439 1408 4520 confllttu
1422 4428 1580 4539 Jurtmfi.
1601 4431 1760 4549 scant·

1636 4580 1662 4619 υ
1684 4556 1766 4637 pm!
