3984 5167
552 489 639 554 200
695 395 916 572 nunu
953 401 1206 549 Tussis
1243 452 1634 551 COMMENT.
1698 419 1701 422 ’

398 665 507 756 3576.
551 655 646 729 rimis
669 651 830 729 membris
857 643 1197 744 compofito,i1uod
1232 649 1438 743 plerumque
1461 645 1547 724 l'olet
1558 698 1572 735 ,
1594 673 1635 725 ut
1658 649 1749 728 latter

552 773 703 824 eosnon
725 768 795 820 tam
815 746 1005 818 conformis
1025 798 1035 832 ,
1059 754 1167 838 atque
1189 766 1259 816 una
1278 743 1470 839 eademque
1494 766 1589 818 mens
1612 745 1748 842 semper

545 847 714 920 extiterit.
739 842 788 915 Et
803 844 900 936 quod
925 840 1036 932 magis
1062 838 1214 923 loedum,
1238 862 1310 910 non
1333 837 1501 924 defuere,
1524 841 1650 936 quibus
1674 865 1746 916 ma·

551 945 606 1037 gis
629 960 722 1013 ourae
738 959 811 1010 erat
824 935 980 1030 partibus
996 935 1140 1008 Patriae:
1165 930 1289 1030 (quod
1312 954 1397 1008 tunc
1412 957 1486 1008 erat
1499 937 1650 1008 maxime
1669 937 1746 1032 spe-

543 1035 681 1110 ciosum
710 1055 837 1106 nomen
861 1033 1018 1114 illorum,
1043 1031 1106 1122 qui
1134 1034 1235 1101 novis
1260 1028 1362 1102 rebus
1382 1029 1597 1124 studebant)
1622 1029 1742 1107 lavere

544 1153 655 1227 quam
668 1125 762 1222 Regi
781 1129 938 1201 debitum
958 1123 1119 1220 ptaestare
1140 1121 1318 1201 officium:
1342 1123 1437 1198 unde
1454 1123 1666 1220 Respublica
1687 1129 1742 1202 su·

550 1248 615 1320 pra
639 1225 778 1298 modum
800 1219 1016 1317 superiorum
1039 1240 1208 1292 annorum
1237 1221 1333 1291 malis
1356 1215 1504 1305 afflicia‘,
1529 1223 1657 1314 partim
1682 1248 1742 1298 ne·

550 1323 739 1416 gligenter,
765 1319 802 1393 &
820 1319 958 1393 incaute‘
976 1371 987 1403 ,
1005 1316 1133 1410 partim
1152 1313 1338 1398 malitiose,
1363 1315 1420 1384 diu
1439 1335 1587 1408 propter
1604 1317 1742 1393 dilatio·

547 1439 630 1492 nem
649 1417 817 1488 adventus
832 1409 1029 1496 Austriaci,
1044 1411 1253 1506 gubernata,
1270 1411 1410 1483 undem
1432 1410 1577 1484 omnino
1593 1417 1741 1487 corruit.

601 1509 653 1582 Il.
688 1507 799 1597 Erant
826 1531 867 1579 ea
894 1508 1095 1600 tempestate
1116 1508 1153 1576 in
1179 1506 1242 1576 illo
1268 1505 1432 1577 tribunali
1446 1504 1562 1578 Status
1580 1507 1739 1600 Philippus

551 1607 633 1680 Dux
660 1605 891 1692 Arsrlotanur,
916 1599 1084 1696 Princeps
1112 1598 1253 1672 familiae
1270 1597 1429 1696 Croyjae,
1462 1598 1615 1694 Erneslur
1633 1604 1737 1675 corun

550 1698 781 1791 illunsfeltiur,
809 1699 934 1768 Carolus
956 1697 1059 1766 Comes
1081 1695 1366 1778 Berlqrrrontunus,
1393 1691 1634 1769 Maximiliannr
1653 1697 1738 1770 Baro

431 1877 437 1885 ι
549 1797 588 1867 de
603 1789 716 1888 Rrrffin
739 1815 799 1877 en,
824 1792 945 1884 Viglius
963 1791 1147 1875 Zuiclser'nus
1169 1785 1315 1872 Praeses,
1331 1792 1479 1860 Arrolrlus
1498 1791 1628 1862 Sarnous
1642 1787 1737 1864 Prae-

548 1889 601 1962 l'es
621 1817 765 1960 Conliglil
782 1887 934 1971 Privati,
960 1881 1540 1978 Clrristoplrorurdffonruilr'at,omnes
1553 1885 1584 1954 bi
1596 1885 1735 1981 Belgae:

549 1984 706 2078 quamvis
737 1983 825 2054 enim
852 1977 1058 2070 Mursfrlrr‘ut
1081 1975 1163 2050 aller
1185 1980 1351 2050 oriundus
1377 2003 1419 2052 ert
1440 1980 1657 2066 Germania,
1681 2006 1737 2058 tot
1851 2066 1855 2073 ,

549 2100 663 2152 tamen
685 2099 792 2149 annos
819 2073 913 2170 apud
942 2073 1064 2168 Belgas
1087 2096 1222 2164 egerat,
1248 2084 1286 2144 tlt
1307 2097 1376 2168 pro
1400 2073 1504 2171 Belga
1530 2077 1735 2164 baberetur,

547 2197 638 2248 unus
655 2174 723 2244 illis
742 2171 860 2246 aderat
876 2169 1071 2242 Extraneus
1094 2169 1290 2240 Hierorimur
1309 2173 1347 2258 dc
1366 2171 1454 2242 Roda
1465 2220 1477 2255 ,
1501 2175 1558 2242 vir
1574 2173 1734 2268 apprime

403 2263 407 2270 ’
548 2267 689 2355 doetus,
715 2269 774 2360 qni
790 2266 947 2360 quamvis
965 2263 1169 2358 Hispanus,
1193 2259 1342 2359 Belgicis
1359 2285 1475 2336 tamen
1493 2264 1734 2356 moribussatis

548 2387 622 2440 en:
641 2365 939 2446 accommodatus,
964 2381 1130 2452 tantaque
1150 2360 1335 2452 prudentia
1354 2361 1534 2454 praeditus,
1545 2383 1583 2436 ut
1598 2367 1730 2448 omnia,

429 2503 433 2516 ·
547 2484 625 2557 quae
641 2462 676 2532 in
693 2460 855 2553 aequitate
873 2507 884 2542 ,
910 2459 946 2528 δι
963 2453 1096 2548 ,lustitia
1115 2452 1352 2537 consisterent,
1377 2479 1447 2527 non
1469 2459 1581 2528 minus
1605 2459 1647 2530 ab
1661 2483 1729 2547 eo,

546 2581 650 2654 quam
667 2555 735 2626 alio
753 2555 878 2648 quovis
893 2551 1068 2624 sociorum
1084 2548 1261 2642 experiari
1279 2549 1424 2644 pollent.
1450 2552 1656 2644 Mansfelrr'ru
1669 2551 1734 2628 sta·

546 2655 609 2724 tim
630 2651 779 2723 unanimi
793 2646 946 2721 omnium
963 2642 1094 2717 offensu
1114 2644 1285 2719 Bruxellae
1298 2647 1523 2720 Gubernator
1533 2645 1731 2744 delignatus

545 2746 605 2821 est.
632 2745 854 2839 Quamquam
872 2743 961 2813 enim
978 2739 1173 2834 supremum
1202 2743 1250 2814 ibi
1276 2742 1376 2814 staret
1402 2743 1604 2838 imperium,
1626 2769 1730 2840 expe·

544 2843 620 2917 dire
640 2863 753 2913 tamen
773 2838 991 2933 Reipublicae
1008 2833 1115 2906 visum
1126 2888 1138 2925 ‚
1161 2837 1266 2910 uti&
1288 2840 1369 2908 alias
1389 2836 1450 2910 sub
1476 2840 1622 2933 imperio
1633 2842 1730 2912 Mur-

542 2940 658 3031 geritur
676 2931 864 3008 Parmenfis
880 2932 1075 3018 acciderat,
1137 2927 1234 3003 aeelle
1256 2933 1358 3006 rebus
1381 2931 1549 3027 Belgicis,
1574 2959 1616 3010 ac
1636 2936 1729 3010 Poli-

546 3033 645 3117 eicis,
662 3029 838 3102 Bruxellae
853 3025 1055 3120 lingularem
1074 3027 1223 3120 siquem
1239 3029 1351 3100 virum
1375 3052 1420 3100 ex
1433 3031 1642 3123 praecipuis,
1664 3035 1728 3125 qui

543 3127 630 3201 alios
654 3123 781 3198 summa
805 3145 918 3196 rerum
941 3122 1150 3215 implicitos,
1176 3125 1211 3194 in
1238 3144 1283 3193 eo
1303 3147 1411 3218 opere
1440 3121 1601 3218 lingulari
1620 3125 1728 3202 suble-

543 3244 663 3308 varet,
688 3223 873 3313 omniaque
889 3218 1103 3310 temporibus
1123 3216 1342 3312 periculofis,
1361 3243 1403 3294 ac
1421 3221 1631 3298 turbulentis
1645 3245 1729 3297 uon·

542 3316 715 3402 servaret,
741 3318 777 3389 in
795 3313 982 3409 officioque
1001 3315 1206 3388 contineret.

591 3411 669 3486 111.
693 3413 828 3487 Interea
848 3409 1020 3483 obfidioni
1035 3407 1225 3482 Zericzensr
1246 3411 1366 3483 vacari
1389 3434 1458 3482 non
1488 3407 1537 3484 est
1554 3409 1729 3505 desitum,

541 3531 612 3606 qua
629 3509 765 3582 tandem
783 3507 827 3581 ad
845 3504 1009 3579 summam
1025 3527 1171 3578 annonae
1186 3508 1366 3600 penuriam
1384 3501 1512 3579 redaffl
1527 3508 1621 3580 cives
1634 3565 1645 3598 ,
1657 3513 1728 3582 Aa·

541 3610 646 3678 ruitur
669 3627 747 3678 cum
773 3605 840 3675 illis
868 3601 1052 3673 subvenire
1076 3601 1204 3684 vellet,
1242 3603 1433 3674 Ludour'rurrr
1452 3603 1620 3690 Boisutrrrnr
1647 3629 1728 3677 cum

542 3701 677 3796 aliquot
695 3698 839 3793 navigiis
856 3693 1049 3776 commista,
1069 3696 1131 3790 qui
1143 3719 1267 3789 magna
1281 3697 1423 3769 andacia
1440 3719 1513 3770 rem
1532 3696 1725 3792 aggreli'us,

543 3819 623 3872 cum
648 3799 790 3868 militem
817 3795 851 3862 in
878 3813 1042 3886 aggerem
1068 3814 1242 3888 exponere
1265 3794 1392 3877 vellet,
1412 3815 1484 3863 non
1503 3795 1725 3870 extimescens

540 3889 807 3964 bombardorum
826 3887 942 3974 ilius,
968 3885 1093 3984 quibus
1110 3889 1133 3959 a
1152 3910 1241 3960 terra
1258 3885 1501 3973 infestabatur,
1529 3892 1666 3986 navigia
1681 3893 1727 3965 ad

542 4008 586 4080 ag
611 4009 701 4058 erem
716 3986 853 4080 adegit,
869 3984 1113 4079 ‘pugnavitque
1128 3981 1290 4080 streone,
1312 3982 1372 4056 sed
1398 3981 1420 4055 e
1439 4002 1563 4057 contra
1589 3983 1727 4080 fortiter

581 4008 771 4154 sistentibus
791 4081 916 4174 regiis,
942 4101 1022 4152 cum
1050 4101 1119 4152 tam
1142 4081 1202 4153 diu
1228 4081 1277 4152 ibi
1296 4076 1458 4161 haefiliet,
1486 4097 1526 4152 ut
1540 4080 1613 4175 jam
1638 4081 1722 4152 mari

541 4103 577 4154 re

542 4173 685 4250 defluxo
701 4176 774 4249 solo
795 4198 901 4248 naves
923 4175 1156 4260 inhaererent,
1180 4198 1218 4248 re
1232 4175 1499 4269 perditanolens
1513 4175 1672 4272 captivus
1684 4175 1723 4245 in

538 4293 659 4346 manus
684 4271 834 4343 hostium
855 4270 997 4358 venire,
1019 4270 1173 4349 natando
1192 4267 1341 4345 salutem
1357 4291 1535 4366 quaereus,
1562 4267 1726 4343 fluetibus

535 4364 727 4446 submersus
746 4365 806 4442 est.
1039 4475 1043 4480 ι
1536 4364 1602 4439 IV.
1627 4363 1725 4440 Dum
