<?xml version="1.0" encoding="UTF-8"?>
<!DOCTYPE html PUBLIC "-//W3C//DTD XHTML 1.0 Transitional//EN"
    "http://www.w3.org/TR/xhtml1/DTD/xhtml1-transitional.dtd">
<html xmlns="http://www.w3.org/1999/xhtml" xml:lang="en" lang="en">
 <head>
  <title>
</title>
<meta http-equiv="Content-Type" content="text/html;charset=utf-8" />
  <meta name='ocr-system' content='tesseract 3.04.00' />
  <meta name='ocr-capabilities' content='ocr_page ocr_carea ocr_par ocr_line ocrx_word'/>
</head>
<body>
  <div class='ocr_page' id='page_1' title='image "./vitavigliiabayt00papegoog_0182.png"; bbox 0 0 3984 5167; ppageno 0'>
   <div class='ocr_carea' id='block_1_1' title="bbox 357 467 1439 616">
    <p class='ocr_par' dir='ltr' id='par_1_1' title="bbox 357 467 1439 616">
     <span class='ocr_line' id='line_1_1' title="bbox 357 467 1439 616; baseline -0.004 -38"><span class='ocrx_word' id='word_1_1' title='bbox 357 541 361 548; x_wconf 56' lang='lat'><strong>.</strong></span> <span class='ocrx_word' id='word_1_2' title='bbox 418 477 731 616; x_wconf 74' lang='lat' dir='ltr'>uranu</span> <span class='ocrx_word' id='word_1_3' title='bbox 795 467 1175 586; x_wconf 65' lang='lat' dir='ltr'>neruus.</span> <span class='ocrx_word' id='word_1_4' title='bbox 1360 511 1439 595; x_wconf 82' lang='lat'>173</span> 
     </span>
    </p>
   </div>
   <div class='ocr_carea' id='block_1_2' title="bbox 245 659 1583 869">
    <p class='ocr_par' dir='ltr' id='par_1_2' title="bbox 245 659 1583 869">
     <span class='ocr_line' id='line_1_2' title="bbox 247 659 1583 769; baseline -0.001 -29"><span class='ocrx_word' id='word_1_5' title='bbox 247 687 295 740; x_wconf 79' lang='lat' dir='ltr'>eu</span> <span class='ocrx_word' id='word_1_6' title='bbox 310 665 383 740; x_wconf 85' lang='lat' dir='ltr'>alto</span> <span class='ocrx_word' id='word_1_7' title='bbox 400 665 437 737; x_wconf 89' lang='lat' dir='ltr'>in</span> <span class='ocrx_word' id='word_1_8' title='bbox 453 664 628 738; x_wconf 86' lang='lat' dir='ltr'>civitatem</span> <span class='ocrx_word' id='word_1_9' title='bbox 648 659 877 754; x_wconf 69' lang='lat' dir='ltr'>despeslaret,</span> <span class='ocrx_word' id='word_1_10' title='bbox 901 661 1062 756; x_wconf 87' lang='lat' dir='ltr'>sclopeto</span> <span class='ocrx_word' id='word_1_11' title='bbox 1084 684 1196 758; x_wconf 82' lang='lat' dir='ltr'>eaput</span> <span class='ocrx_word' id='word_1_12' title='bbox 1211 664 1297 737; x_wconf 72' lang='lat' dir='ltr'>ielur</span> <span class='ocrx_word' id='word_1_13' title='bbox 1310 665 1437 758; x_wconf 82' lang='lat' dir='ltr'>periit:</span> <span class='ocrx_word' id='word_1_14' title='bbox 1477 693 1583 769; x_wconf 73' lang='lat'>1572,</span> 
     </span>
     <span class='ocr_line' id='line_1_3' title="bbox 245 759 1436 869; baseline -0.002 -35"><span class='ocrx_word' id='word_1_15' title='bbox 245 763 411 834; x_wconf 64' lang='lat' dir='ltr'>Lanarius</span> <span class='ocrx_word' id='word_1_16' title='bbox 434 760 538 832; x_wconf 89' lang='lat' dir='ltr'>etiam</span> <span class='ocrx_word' id='word_1_17' title='bbox 556 759 593 828; x_wconf 93' lang='lat' dir='ltr'>in</span> <span class='ocrx_word' id='word_1_18' title='bbox 611 759 767 842; x_wconf 83' lang='lat' dir='ltr'>maxilla,</span> <span class='ocrx_word' id='word_1_19' title='bbox 793 759 954 852; x_wconf 82' lang='lat' dir='ltr'>quamvis</span> <span class='ocrx_word' id='word_1_20' title='bbox 979 778 1052 828; x_wconf 90' lang='lat' dir='ltr'>non</span> <span class='ocrx_word' id='word_1_21' title='bbox 1079 759 1252 832; x_wconf 84' lang='lat' dir='ltr'>lethaliter</span> <span class='ocrx_word' id='word_1_22' title='bbox 1280 759 1436 869; x_wconf 78' lang='lat' dir='ltr'>sclopeto</span> 
     </span>
    </p>
   </div>
   <div class='ocr_carea' id='block_1_3' title="bbox 148 849 1550 2186">
    <p class='ocr_par' dir='ltr' id='par_1_3' title="bbox 148 849 1550 2186">
     <span class='ocr_line' id='line_1_4' title="bbox 245 849 1437 949; baseline 0.003 -25"><span class='ocrx_word' id='word_1_23' title='bbox 245 859 446 927; x_wconf 80' lang='lat' dir='ltr'>vulneratus</span> <span class='ocrx_word' id='word_1_24' title='bbox 469 849 519 926; x_wconf 90' lang='lat' dir='ltr'>est</span> <span class='ocrx_word' id='word_1_25' title='bbox 531 901 545 936; x_wconf 86' lang='lat'>,</span> <span class='ocrx_word' id='word_1_26' title='bbox 578 854 626 924; x_wconf 89' lang='lat' dir='ltr'>ita</span> <span class='ocrx_word' id='word_1_27' title='bbox 651 875 692 924; x_wconf 91' lang='lat' dir='ltr'>ut</span> <span class='ocrx_word' id='word_1_28' title='bbox 714 875 779 926; x_wconf 88' lang='lat' dir='ltr'>nec</span> <span class='ocrx_word' id='word_1_29' title='bbox 811 855 997 946; x_wconf 74' lang='lat' dir='ltr'>praecipuis</span> <span class='ocrx_word' id='word_1_30' title='bbox 1021 853 1106 925; x_wconf 89' lang='lat' dir='ltr'>belli</span> <span class='ocrx_word' id='word_1_31' title='bbox 1129 850 1202 925; x_wconf 82' lang='lat' dir='ltr'>sorr</span> <span class='ocrx_word' id='word_1_32' title='bbox 1226 877 1437 949; x_wconf 82' lang='lat' dir='ltr'>pepercerit.</span> 
     </span>
     <span class='ocr_line' id='line_1_5' title="bbox 240 943 1434 1044; baseline 0 -22"><span class='ocrx_word' id='word_1_33' title='bbox 240 949 407 1044; x_wconf 88' lang='lat' dir='ltr'>Deinque</span> <span class='ocrx_word' id='word_1_34' title='bbox 419 949 531 1026; x_wconf 67' lang='lat' dir='ltr'>vhiems</span> <span class='ocrx_word' id='word_1_35' title='bbox 558 949 701 1038; x_wconf 76' lang='lat' dir='ltr'>militem</span> <span class='ocrx_word' id='word_1_36' title='bbox 722 948 809 1019; x_wconf 78' lang='lat' dir='ltr'>adeo</span> <span class='ocrx_word' id='word_1_37' title='bbox 828 943 967 1033; x_wconf 79' lang='lat' dir='ltr'>afflixit,</span> <span class='ocrx_word' id='word_1_38' title='bbox 993 968 1034 1018; x_wconf 91' lang='lat' dir='ltr'>ut</span> <span class='ocrx_word' id='word_1_39' title='bbox 1051 945 1125 1020; x_wconf 88' lang='lat' dir='ltr'>visa</span> <span class='ocrx_word' id='word_1_40' title='bbox 1141 947 1274 1022; x_wconf 84' lang='lat' dir='ltr'>fuerint</span> <span class='ocrx_word' id='word_1_41' title='bbox 1291 953 1434 1037; x_wconf 83' lang='lat' dir='ltr'>vexilla,</span> 
     </span>
     <span class='ocr_line' id='line_1_6' title="bbox 243 1041 1435 1138; baseline -0.002 -21"><span class='ocrx_word' id='word_1_42' title='bbox 243 1067 325 1138; x_wconf 82' lang='lat' dir='ltr'>quae</span> <span class='ocrx_word' id='word_1_43' title='bbox 341 1045 430 1118; x_wconf 88' lang='lat' dir='ltr'>ultra</span> <span class='ocrx_word' id='word_1_44' title='bbox 446 1045 589 1116; x_wconf 87' lang='lat' dir='ltr'>vicenos</span> <span class='ocrx_word' id='word_1_45' title='bbox 608 1066 678 1116; x_wconf 92' lang='lat' dir='ltr'>non</span> <span class='ocrx_word' id='word_1_46' title='bbox 701 1044 866 1114; x_wconf 86' lang='lat' dir='ltr'>haberent</span> <span class='ocrx_word' id='word_1_47' title='bbox 882 1044 1059 1116; x_wconf 82' lang='lat' dir='ltr'>custodes:</span> <span class='ocrx_word' id='word_1_48' title='bbox 1085 1043 1220 1115; x_wconf 82' lang='lat' dir='ltr'>acceffit</span> <span class='ocrx_word' id='word_1_49' title='bbox 1233 1041 1277 1116; x_wconf 85' lang='lat' dir='ltr'>ad</span> <span class='ocrx_word' id='word_1_50' title='bbox 1294 1045 1370 1115; x_wconf 86' lang='lat' dir='ltr'>haec</span> <span class='ocrx_word' id='word_1_51' title='bbox 1385 1047 1435 1116; x_wconf 89' lang='lat' dir='ltr'>in·</span> 
     </span>
     <span class='ocr_line' id='line_1_7' title="bbox 242 1137 1436 1232; baseline -0.002 -20"><span class='ocrx_word' id='word_1_52' title='bbox 242 1142 451 1223; x_wconf 84' lang='lat' dir='ltr'>commoda,</span> <span class='ocrx_word' id='word_1_53' title='bbox 477 1141 555 1210; x_wconf 85' lang='lat' dir='ltr'>aeris</span> <span class='ocrx_word' id='word_1_54' title='bbox 574 1139 694 1231; x_wconf 88' lang='lat' dir='ltr'>inopia</span> <span class='ocrx_word' id='word_1_55' title='bbox 709 1161 779 1210; x_wconf 91' lang='lat' dir='ltr'>non</span> <span class='ocrx_word' id='word_1_56' title='bbox 792 1140 938 1232; x_wconf 83' lang='lat' dir='ltr'>exigua,</span> <span class='ocrx_word' id='word_1_57' title='bbox 963 1141 1092 1225; x_wconf 84' lang='lat' dir='ltr'>itaut,</span> <span class='ocrx_word' id='word_1_58' title='bbox 1116 1161 1188 1232; x_wconf 88' lang='lat' dir='ltr'>quo</span> <span class='ocrx_word' id='word_1_59' title='bbox 1203 1137 1236 1210; x_wconf 89' lang='lat' dir='ltr'>se</span> <span class='ocrx_word' id='word_1_60' title='bbox 1254 1138 1436 1211; x_wconf 82' lang='lat' dir='ltr'>reficerent</span> 
     </span>
     <span class='ocr_line' id='line_1_8' title="bbox 148 1231 1436 1328; baseline 0 -20"><span class='ocrx_word' id='word_1_61' title='bbox 148 1276 151 1295; x_wconf 89' lang='lat'>·</span> <span class='ocrx_word' id='word_1_62' title='bbox 240 1237 454 1314; x_wconf 70' lang='lat' dir='ltr'>militeenon</span> <span class='ocrx_word' id='word_1_63' title='bbox 470 1235 646 1307; x_wconf 88' lang='lat' dir='ltr'>haberent.</span> <span class='ocrx_word' id='word_1_64' title='bbox 697 1233 804 1312; x_wconf 83' lang='lat' dir='ltr'>Brevi</span> <span class='ocrx_word' id='word_1_65' title='bbox 819 1231 906 1309; x_wconf 88' lang='lat' dir='ltr'>nihil</span> <span class='ocrx_word' id='word_1_66' title='bbox 921 1231 1053 1316; x_wconf 87' lang='lat' dir='ltr'>defuit,</span> <span class='ocrx_word' id='word_1_67' title='bbox 1076 1238 1174 1328; x_wconf 84' lang='lat' dir='ltr'>quod</span> <span class='ocrx_word' id='word_1_68' title='bbox 1196 1232 1360 1307; x_wconf 87' lang='lat' dir='ltr'>summam</span> <span class='ocrx_word' id='word_1_69' title='bbox 1377 1256 1436 1308; x_wconf 86' lang='lat' dir='ltr'>ca·</span> 
     </span>
     <span class='ocr_line' id='line_1_9' title="bbox 238 1325 1435 1422; baseline -0.003 -18"><span class='ocrx_word' id='word_1_70' title='bbox 238 1333 428 1405; x_wconf 77' lang='lat' dir='ltr'>lumitatern</span> <span class='ocrx_word' id='word_1_71' title='bbox 443 1352 514 1402; x_wconf 89' lang='lat' dir='ltr'>non</span> <span class='ocrx_word' id='word_1_72' title='bbox 533 1327 792 1420; x_wconf 84' lang='lat' dir='ltr'>representaret.</span> <span class='ocrx_word' id='word_1_73' title='bbox 841 1325 1068 1422; x_wconf 87' lang='lat' dir='ltr'>Posteaquam</span> <span class='ocrx_word' id='word_1_74' title='bbox 1086 1349 1201 1404; x_wconf 89' lang='lat' dir='ltr'>autem</span> <span class='ocrx_word' id='word_1_75' title='bbox 1225 1328 1435 1404; x_wconf 84' lang='lat' dir='ltr'>adveniente</span> 
     </span>
     <span class='ocr_line' id='line_1_10' title="bbox 238 1420 1433 1519; baseline -0.001 -19"><span class='ocrx_word' id='word_1_76' title='bbox 238 1425 333 1500; x_wconf 87' lang='lat' dir='ltr'>Vere</span> <span class='ocrx_word' id='word_1_77' title='bbox 351 1425 480 1519; x_wconf 87' lang='lat' dir='ltr'>glacies</span> <span class='ocrx_word' id='word_1_78' title='bbox 504 1420 773 1514; x_wconf 68' lang='lat' dir='ltr'>liquefaelaest,</span> <span class='ocrx_word' id='word_1_79' title='bbox 797 1424 981 1516; x_wconf 86' lang='lat' dir='ltr'>potuitque</span> <span class='ocrx_word' id='word_1_80' title='bbox 1003 1423 1167 1516; x_wconf 66' lang='lat' dir='ltr'>navigari,</span> <span class='ocrx_word' id='word_1_81' title='bbox 1187 1447 1280 1498; x_wconf 90' lang='lat' dir='ltr'>mare</span> <span class='ocrx_word' id='word_1_82' title='bbox 1304 1423 1433 1499; x_wconf 87' lang='lat' dir='ltr'>Harle·</span> 
     </span>
     <span class='ocr_line' id='line_1_11' title="bbox 240 1515 1440 1613; baseline 0.001 -20"><span class='ocrx_word' id='word_1_83' title='bbox 240 1525 394 1607; x_wconf 88' lang='lat' dir='ltr'>micum,</span> <span class='ocrx_word' id='word_1_84' title='bbox 419 1539 500 1590; x_wconf 90' lang='lat' dir='ltr'>tuuc</span> <span class='ocrx_word' id='word_1_85' title='bbox 533 1519 707 1610; x_wconf 87' lang='lat' dir='ltr'>utrimque</span> <span class='ocrx_word' id='word_1_86' title='bbox 731 1517 987 1592; x_wconf 89' lang='lat' dir='ltr'>contenderunt</span> <span class='ocrx_word' id='word_1_87' title='bbox 1004 1515 1145 1606; x_wconf 73' lang='lat' dir='ltr'>classes,</span> <span class='ocrx_word' id='word_1_88' title='bbox 1170 1537 1247 1604; x_wconf 87' lang='lat' dir='ltr'>utra</span> <span class='ocrx_word' id='word_1_89' title='bbox 1276 1518 1440 1613; x_wconf 83' lang='lat' dir='ltr'>superior.</span> 
     </span>
     <span class='ocr_line' id='line_1_12' title="bbox 239 1611 1433 1709; baseline -0.003 -20"><span class='ocrx_word' id='word_1_90' title='bbox 239 1619 415 1689; x_wconf 87' lang='lat' dir='ltr'>evaderet.</span> <span class='ocrx_word' id='word_1_91' title='bbox 464 1611 643 1686; x_wconf 88' lang='lat' dir='ltr'>Prevaluit</span> <span class='ocrx_word' id='word_1_92' title='bbox 669 1612 829 1694; x_wconf 81' lang='lat' dir='ltr'>Arriaca3</span> <span class='ocrx_word' id='word_1_93' title='bbox 855 1613 974 1708; x_wconf 88' lang='lat' dir='ltr'>itaque</span> <span class='ocrx_word' id='word_1_94' title='bbox 1003 1635 1054 1686; x_wconf 59' lang='lat' dir='ltr'>ex&#39;</span> <span class='ocrx_word' id='word_1_95' title='bbox 1073 1627 1231 1706; x_wconf 88' lang='lat' dir='ltr'>tempore</span> <span class='ocrx_word' id='word_1_96' title='bbox 1261 1615 1433 1709; x_wconf 88' lang='lat' dir='ltr'>quidquid</span> 
     </span>
     <span class='ocr_line' id='line_1_13' title="bbox 240 1705 1435 1802; baseline -0.001 -20"><span class='ocrx_word' id='word_1_97' title='bbox 240 1713 355 1782; x_wconf 87' lang='lat' dir='ltr'>animo</span> <span class='ocrx_word' id='word_1_98' title='bbox 374 1707 586 1788; x_wconf 88' lang='lat' dir='ltr'>collibitum,</span> <span class='ocrx_word' id='word_1_99' title='bbox 611 1705 743 1790; x_wconf 72' lang='lat' dir='ltr'>libere,</span> <span class='ocrx_word' id='word_1_100' title='bbox 760 1707 802 1778; x_wconf 83' lang='lat' dir='ltr'>&#39;ac</span> <span class='ocrx_word' id='word_1_101' title='bbox 830 1705 899 1778; x_wconf 81' lang='lat' dir='ltr'>fine</span> <span class='ocrx_word' id='word_1_102' title='bbox 915 1709 987 1778; x_wconf 90' lang='lat' dir='ltr'>ullo</span> <span class='ocrx_word' id='word_1_103' title='bbox 1008 1707 1260 1802; x_wconf 82' lang='lat' dir='ltr'>impedimento</span> <span class='ocrx_word' id='word_1_104' title='bbox 1287 1711 1325 1782; x_wconf 92' lang='lat' dir='ltr'>in</span> <span class='ocrx_word' id='word_1_105' title='bbox 1349 1712 1435 1783; x_wconf 85' lang='lat' dir='ltr'>civi·</span> 
     </span>
     <span class='ocr_line' id='line_1_14' title="bbox 236 1801 1433 1898; baseline -0.003 -17"><span class='ocrx_word' id='word_1_106' title='bbox 236 1822 345 1880; x_wconf 82' lang='lat' dir='ltr'>tatem</span> <span class='ocrx_word' id='word_1_107' title='bbox 354 1804 534 1898; x_wconf 88' lang='lat' dir='ltr'>importari</span> <span class='ocrx_word' id='word_1_108' title='bbox 550 1802 714 1894; x_wconf 78' lang='lat' dir='ltr'>potuir*,</span> <span class='ocrx_word' id='word_1_109' title='bbox 724 1825 864 1896; x_wconf 91' lang='lat' dir='ltr'>unoque</span> <span class='ocrx_word' id='word_1_110' title='bbox 875 1803 1017 1896; x_wconf 86' lang='lat' dir='ltr'>navigio</span> <span class='ocrx_word' id='word_1_111' title='bbox 1027 1801 1273 1880; x_wconf 66' lang='lat' dir='ltr'>subvectarent</span> <span class='ocrx_word' id='word_1_112' title='bbox 1281 1820 1433 1878; x_wconf 77' lang='lat' dir='ltr'>tormen·</span> 
     </span>
     <span class='ocr_line' id='line_1_15' title="bbox 233 1897 1431 1994; baseline 0 -20"><span class='ocrx_word' id='word_1_113' title='bbox 233 1921 273 1984; x_wconf 79' lang='lat' dir='ltr'>ta</span> <span class='ocrx_word' id='word_1_114' title='bbox 292 1901 435 1984; x_wconf 87' lang='lat' dir='ltr'>bellica,</span> <span class='ocrx_word' id='word_1_115' title='bbox 457 1921 647 1990; x_wconf 90' lang='lat' dir='ltr'>eorumque</span> <span class='ocrx_word' id='word_1_116' title='bbox 668 1919 875 1994; x_wconf 85' lang='lat' dir='ltr'>apparatur,</span> <span class='ocrx_word' id='word_1_117' title='bbox 891 1897 1028 1992; x_wconf 78' lang='lat' dir='ltr'>,quibus</span> <span class='ocrx_word' id='word_1_118' title='bbox 1054 1897 1173 1992; x_wconf 87' lang='lat' dir='ltr'>postea</span> <span class='ocrx_word' id='word_1_119' title='bbox 1197 1922 1241 1971; x_wconf 86' lang='lat' dir='ltr'>ex</span> <span class='ocrx_word' id='word_1_120' title='bbox 1260 1902 1431 1974; x_wconf 81' lang='lat' dir='ltr'>moenibur</span> 
     </span>
     <span class='ocr_line' id='line_1_16' title="bbox 237 1992 1431 2091; baseline -0.001 -22"><span class='ocrx_word' id='word_1_121' title='bbox 237 1993 372 2091; x_wconf 78' lang='lat' dir='ltr'>ipsimet</span> <span class='ocrx_word' id='word_1_122' title='bbox 390 1992 527 2080; x_wconf 89' lang='lat' dir='ltr'>obselli‚</span> <span class='ocrx_word' id='word_1_123' title='bbox 547 1993 566 2064; x_wconf 73' lang='lat' dir='ltr'>i</span> <span class='ocrx_word' id='word_1_124' title='bbox 584 1993 705 2086; x_wconf 84' lang='lat' dir='ltr'>Regiis</span> <span class='ocrx_word' id='word_1_125' title='bbox 720 2013 928 2087; x_wconf 87' lang='lat' dir='ltr'>occupatum</span> <span class='ocrx_word' id='word_1_126' title='bbox 938 1994 1141 2077; x_wconf 88' lang='lat' dir='ltr'>revelliuum</span> <span class='ocrx_word' id='word_1_127' title='bbox 1161 2016 1303 2084; x_wconf 86' lang='lat' dir='ltr'>quatere</span> <span class='ocrx_word' id='word_1_128' title='bbox 1317 2017 1431 2091; x_wconf 88' lang='lat' dir='ltr'>coepe-</span> 
     </span>
     <span class='ocr_line' id='line_1_17' title="bbox 236 2087 1550 2186; baseline 0 -22"><span class='ocrx_word' id='word_1_129' title='bbox 236 2113 340 2177; x_wconf 89' lang='lat' dir='ltr'>runt,</span> <span class='ocrx_word' id='word_1_130' title='bbox 352 2111 513 2186; x_wconf 85' lang='lat' dir='ltr'>tantaque</span> <span class='ocrx_word' id='word_1_131' title='bbox 527 2113 641 2162; x_wconf 88' lang='lat' dir='ltr'>rerum</span> <span class='ocrx_word' id='word_1_132' title='bbox 658 2092 811 2164; x_wconf 87' lang='lat' dir='ltr'>omnium</span> <span class='ocrx_word' id='word_1_133' title='bbox 824 2091 926 2182; x_wconf 89' lang='lat' dir='ltr'>copia</span> <span class='ocrx_word' id='word_1_134' title='bbox 941 2091 976 2160; x_wconf 93' lang='lat' dir='ltr'>in</span> <span class='ocrx_word' id='word_1_135' title='bbox 996 2092 1139 2166; x_wconf 88' lang='lat' dir='ltr'>civitate</span> <span class='ocrx_word' id='word_1_136' title='bbox 1156 2087 1245 2176; x_wconf 88' lang='lat' dir='ltr'>fuit,</span> <span class='ocrx_word' id='word_1_137' title='bbox 1260 2112 1300 2164; x_wconf 91' lang='lat' dir='ltr'>ut</span> <span class='ocrx_word' id='word_1_138' title='bbox 1320 2094 1430 2186; x_wconf 81' lang='lat' dir='ltr'>magis</span> <span class='ocrx_word' id='word_1_139' title='bbox 1544 2108 1550 2125; x_wconf 65' lang='lat'>⁸</span> 
     </span>
    </p>
   </div>
   <div class='ocr_carea' id='block_1_4' title="bbox 128 2182 1427 2280">
    <p class='ocr_par' dir='ltr' id='par_1_4' title="bbox 128 2182 1427 2280">
     <span class='ocr_line' id='line_1_18' title="bbox 128 2182 1427 2280; baseline -0.002 -18"><span class='ocrx_word' id='word_1_140' title='bbox 128 2200 129 2209; x_wconf 78' lang='grc'>’</span> <span class='ocrx_word' id='word_1_141' title='bbox 237 2183 484 2270; x_wconf 86' lang='lat' dir='ltr'>obsidentium,</span> <span class='ocrx_word' id='word_1_142' title='bbox 511 2207 614 2280; x_wconf 85' lang='lat' dir='ltr'>quam</span> <span class='ocrx_word' id='word_1_143' title='bbox 644 2182 851 2256; x_wconf 86' lang='lat' dir='ltr'>obsessorum</span> <span class='ocrx_word' id='word_1_144' title='bbox 867 2183 1018 2277; x_wconf 88' lang='lat' dir='ltr'>speciem</span> <span class='ocrx_word' id='word_1_145' title='bbox 1031 2182 1200 2279; x_wconf 81' lang='lat' dir='ltr'>praeferre</span> <span class='ocrx_word' id='word_1_146' title='bbox 1216 2185 1427 2260; x_wconf 86' lang='lat' dir='ltr'>viderentur.</span> 
     </span>
    </p>
   </div>
   <div class='ocr_carea' id='block_1_5' title="bbox 150 2277 1640 4457">
    <p class='ocr_par' dir='ltr' id='par_1_5' title="bbox 223 2277 1511 2852">
     <span class='ocr_line' id='line_1_19' title="bbox 289 2277 1430 2375; baseline 0.001 -21"><span class='ocrx_word' id='word_1_147' title='bbox 289 2281 366 2354; x_wconf 84' lang='lat' dir='ltr'>LV.</span> <span class='ocrx_word' id='word_1_148' title='bbox 396 2281 508 2370; x_wconf 88' lang='lat' dir='ltr'>Quod</span> <span class='ocrx_word' id='word_1_149' title='bbox 539 2302 618 2352; x_wconf 88' lang='lat' dir='ltr'>cum</span> <span class='ocrx_word' id='word_1_150' title='bbox 643 2277 777 2374; x_wconf 87' lang='lat' dir='ltr'>semper</span> <span class='ocrx_word' id='word_1_151' title='bbox 801 2279 957 2353; x_wconf 86' lang='lat' dir='ltr'>futurum</span> <span class='ocrx_word' id='word_1_152' title='bbox 983 2300 1116 2354; x_wconf 86' lang='lat' dir='ltr'>certum</span> <span class='ocrx_word' id='word_1_153' title='bbox 1140 2279 1239 2365; x_wconf 86' lang='lat' dir='ltr'>esset,</span> <span class='ocrx_word' id='word_1_154' title='bbox 1264 2282 1430 2375; x_wconf 79' lang='lat' dir='ltr'>nullaque</span> 
     </span>
     <span class='ocr_line' id='line_1_20' title="bbox 237 2373 1430 2471; baseline 0.001 -21"><span class='ocrx_word' id='word_1_155' title='bbox 237 2374 421 2471; x_wconf 85' lang='lat' dir='ltr'>superesset</span> <span class='ocrx_word' id='word_1_156' title='bbox 433 2375 512 2470; x_wconf 88' lang='lat' dir='ltr'>spes</span> <span class='ocrx_word' id='word_1_157' title='bbox 526 2373 708 2469; x_wconf 85' lang='lat' dir='ltr'>potiundae</span> <span class='ocrx_word' id='word_1_158' title='bbox 734 2377 908 2462; x_wconf 86' lang='lat' dir='ltr'>civitatis,</span> <span class='ocrx_word' id='word_1_159' title='bbox 935 2377 1018 2448; x_wconf 90' lang='lat' dir='ltr'>dum</span> <span class='ocrx_word' id='word_1_160' title='bbox 1035 2373 1126 2449; x_wconf 90' lang='lat' dir='ltr'>liber</span> <span class='ocrx_word' id='word_1_161' title='bbox 1141 2376 1212 2450; x_wconf 85' lang='lat' dir='ltr'>illis</span> <span class='ocrx_word' id='word_1_162' title='bbox 1230 2399 1364 2469; x_wconf 87' lang='lat' dir='ltr'>pateret</span> <span class='ocrx_word' id='word_1_163' title='bbox 1378 2377 1430 2451; x_wconf 88' lang='lat' dir='ltr'>in·</span> 
     </span>
     <span class='ocr_line' id='line_1_21' title="bbox 236 2467 1431 2566; baseline 0 -20"><span class='ocrx_word' id='word_1_164' title='bbox 236 2473 382 2558; x_wconf 85' lang='lat' dir='ltr'>troitus,</span> <span class='ocrx_word' id='word_1_165' title='bbox 408 2473 446 2547; x_wconf 87' lang='lat'>&amp;</span> <span class='ocrx_word' id='word_1_166' title='bbox 462 2471 596 2553; x_wconf 88' lang='lat' dir='ltr'>exitus,</span> <span class='ocrx_word' id='word_1_167' title='bbox 623 2493 705 2542; x_wconf 88' lang='lat' dir='ltr'>cura</span> <span class='ocrx_word' id='word_1_168' title='bbox 723 2467 835 2563; x_wconf 81' lang='lat' dir='ltr'>Boffuo</span> <span class='ocrx_word' id='word_1_169' title='bbox 860 2475 939 2544; x_wconf 88' lang='lat' dir='ltr'>data</span> <span class='ocrx_word' id='word_1_170' title='bbox 955 2468 1195 2546; x_wconf 83' lang='lat' dir='ltr'>construendae</span> <span class='ocrx_word' id='word_1_171' title='bbox 1211 2473 1337 2565; x_wconf 68' lang='lat' dir='ltr'>classis,</span> <span class='ocrx_word' id='word_1_172' title='bbox 1361 2497 1431 2566; x_wconf 85' lang='lat' dir='ltr'>qua</span> 
     </span>
     <span class='ocr_line' id='line_1_22' title="bbox 237 2565 1511 2660; baseline 0.004 -21"><span class='ocrx_word' id='word_1_173' title='bbox 237 2591 332 2642; x_wconf 86' lang='lat' dir='ltr'>mare</span> <span class='ocrx_word' id='word_1_174' title='bbox 348 2566 590 2639; x_wconf 88' lang='lat' dir='ltr'>Harlemicum</span> <span class='ocrx_word' id='word_1_175' title='bbox 605 2565 642 2636; x_wconf 92' lang='lat' dir='ltr'>in</span> <span class='ocrx_word' id='word_1_176' title='bbox 659 2568 813 2637; x_wconf 63' lang='lat' dir='ltr'>frederici</span> <span class='ocrx_word' id='word_1_177' title='bbox 822 2565 1028 2660; x_wconf 86' lang='lat' dir='ltr'>potestatem</span> <span class='ocrx_word' id='word_1_178' title='bbox 1046 2569 1197 2640; x_wconf 88' lang='lat' dir='ltr'>veniret:</span> <span class='ocrx_word' id='word_1_179' title='bbox 1216 2570 1278 2660; x_wconf 87' lang='lat' dir='ltr'>qui</span> <span class='ocrx_word' id='word_1_180' title='bbox 1293 2592 1367 2640; x_wconf 88' lang='lat' dir='ltr'>eam</span> <span class='ocrx_word' id='word_1_181' title='bbox 1384 2572 1429 2644; x_wconf 79' lang='lat' dir='ltr'>eo</span> <span class='ocrx_word' id='word_1_182' title='bbox 1498 2569 1511 2581; x_wconf 82' lang='grc'><strong>’</strong></span> 
     </span>
     <span class='ocr_line' id='line_1_23' title="bbox 223 2659 1428 2752; baseline -0.001 -14"><span class='ocrx_word' id='word_1_183' title='bbox 223 2661 386 2738; x_wconf 55' lang='lat' dir='ltr'>&#39;celerius</span> <span class='ocrx_word' id='word_1_184' title='bbox 403 2659 633 2732; x_wconf 82' lang='lat' dir='ltr'>Amsterdanni</span> <span class='ocrx_word' id='word_1_185' title='bbox 649 2659 823 2745; x_wconf 67' lang='lat' dir='ltr'>confecit,</span> <span class='ocrx_word' id='word_1_186' title='bbox 843 2662 938 2752; x_wconf 90' lang='lat' dir='ltr'>quod</span> <span class='ocrx_word' id='word_1_187' title='bbox 955 2683 1080 2752; x_wconf 87' lang='lat' dir='ltr'>parata</span> <span class='ocrx_word' id='word_1_188' title='bbox 1099 2663 1148 2734; x_wconf 90' lang='lat' dir='ltr'>ibi</span> <span class='ocrx_word' id='word_1_189' title='bbox 1164 2665 1280 2736; x_wconf 89' lang='lat' dir='ltr'>omnia</span> <span class='ocrx_word' id='word_1_190' title='bbox 1303 2661 1428 2737; x_wconf 88' lang='lat' dir='ltr'>forent.</span> 
     </span>
     <span class='ocr_line' id='line_1_24' title="bbox 238 2751 1427 2852; baseline -0.001 -22"><span class='ocrx_word' id='word_1_191' title='bbox 238 2757 404 2851; x_wconf 88' lang='lat' dir='ltr'>Cumque</span> <span class='ocrx_word' id='word_1_192' title='bbox 411 2754 658 2850; x_wconf 86' lang='lat' dir='ltr'>jamproficisci</span> <span class='ocrx_word' id='word_1_193' title='bbox 667 2751 899 2837; x_wconf 85' lang='lat' dir='ltr'>constituisset,</span> <span class='ocrx_word' id='word_1_194' title='bbox 910 2752 1012 2828; x_wconf 76' lang='lat' dir='ltr'>nuile</span> <span class='ocrx_word' id='word_1_195' title='bbox 1022 2761 1169 2848; x_wconf 85' lang='lat' dir='ltr'>quadam</span> <span class='ocrx_word' id='word_1_196' title='bbox 1180 2779 1337 2852; x_wconf 83' lang='lat' dir='ltr'>aggerem</span> <span class='ocrx_word' id='word_1_197' title='bbox 1347 2780 1427 2850; x_wconf 88' lang='lat' dir='ltr'>pro·</span> 
     </span>
    </p>

    <p class='ocr_par' dir='ltr' id='par_1_6' title="bbox 150 2849 1640 4262">
     <span class='ocr_line' id='line_1_25' title="bbox 150 2849 1640 2950; baseline 0.004 -25"><span class='ocrx_word' id='word_1_198' title='bbox 150 2909 156 2912; x_wconf 85' lang='lat'>-</span> <span class='ocrx_word' id='word_1_199' title='bbox 236 2853 444 2950; x_wconf 89' lang='lat' dir='ltr'>peDomum</span> <span class='ocrx_word' id='word_1_200' title='bbox 463 2851 788 2941; x_wconf 76' lang='lat' dir='ltr'>Terhorl,quem·ex</span> <span class='ocrx_word' id='word_1_201' title='bbox 799 2851 868 2923; x_wconf 68' lang='lat' dir='ltr'>unit</span> <span class='ocrx_word' id='word_1_202' title='bbox 886 2873 987 2944; x_wconf 89' lang='lat' dir='ltr'>parte</span> <span class='ocrx_word' id='word_1_203' title='bbox 1002 2849 1131 2926; x_wconf 75' lang='lat' dir='ltr'>fluvius</span> <span class='ocrx_word' id='word_1_204' title='bbox 1142 2851 1428 2946; x_wconf 76' lang='lat' dir='ltr'>&#39;ti]y‚exaltera</span> <span class='ocrx_word' id='word_1_205' title='bbox 1505 2917 1524 2920; x_wconf 47' lang='grc'>-«</span> <span class='ocrx_word' id='word_1_206' title='bbox 1634 2883 1640 2892; x_wconf 83' lang='grc'><strong>’</strong></span> 
     </span>
     <span class='ocr_line' id='line_1_26' title="bbox 235 2945 1426 3040; baseline 0.001 -16"><span class='ocrx_word' id='word_1_207' title='bbox 235 2971 328 3024; x_wconf 88' lang='lat' dir='ltr'>mare</span> <span class='ocrx_word' id='word_1_208' title='bbox 345 2946 583 3020; x_wconf 87' lang='lat' dir='ltr'>Harlemicum</span> <span class='ocrx_word' id='word_1_209' title='bbox 612 2946 732 3033; x_wconf 87' lang='lat' dir='ltr'>alluit,</span> <span class='ocrx_word' id='word_1_210' title='bbox 758 2945 889 3020; x_wconf 86' lang='lat' dir='ltr'>summa</span> <span class='ocrx_word' id='word_1_211' title='bbox 909 2946 1087 3022; x_wconf 88' lang='lat' dir='ltr'>celeritate</span> <span class='ocrx_word' id='word_1_212' title='bbox 1105 2947 1250 3022; x_wconf 85' lang='lat' dir='ltr'>discindi</span> <span class='ocrx_word' id='word_1_213' title='bbox 1269 2955 1426 3040; x_wconf 85' lang='lat' dir='ltr'>curavit,</span> 
     </span>
     <span class='ocr_line' id='line_1_27' title="bbox 235 3038 1425 3141; baseline 0 -21"><span class='ocrx_word' id='word_1_214' title='bbox 235 3042 459 3141; x_wconf 77' lang='lat' dir='ltr'>traduiiaque</span> <span class='ocrx_word' id='word_1_215' title='bbox 478 3038 579 3116; x_wconf 85' lang='lat' dir='ltr'>classe</span> <span class='ocrx_word' id='word_1_216' title='bbox 596 3063 667 3116; x_wconf 89' lang='lat' dir='ltr'>tarn</span> <span class='ocrx_word' id='word_1_217' title='bbox 688 3041 891 3138; x_wconf 87' lang='lat' dir='ltr'>inopinato,</span> <span class='ocrx_word' id='word_1_218' title='bbox 917 3067 957 3119; x_wconf 86' lang='lat' dir='ltr'>ac</span> <span class='ocrx_word' id='word_1_219' title='bbox 976 3067 1072 3119; x_wconf 92' lang='lat' dir='ltr'>novo</span> <span class='ocrx_word' id='word_1_220' title='bbox 1090 3045 1167 3118; x_wconf 87' lang='lat' dir='ltr'>casu</span> <span class='ocrx_word' id='word_1_221' title='bbox 1193 3044 1326 3118; x_wconf 88' lang='lat' dir='ltr'>hostem</span> <span class='ocrx_word' id='word_1_222' title='bbox 1346 3070 1425 3140; x_wconf 89' lang='lat' dir='ltr'>per-</span> 
     </span>
     <span class='ocr_line' id='line_1_28' title="bbox 234 3137 1426 3234; baseline -0.003 -18"><span class='ocrx_word' id='word_1_223' title='bbox 234 3143 392 3232; x_wconf 81' lang='lat' dir='ltr'>territum</span> <span class='ocrx_word' id='word_1_224' title='bbox 407 3137 530 3214; x_wconf 78' lang='lat' dir='ltr'>invasit</span> <span class='ocrx_word' id='word_1_225' title='bbox 541 3189 553 3226; x_wconf 92' lang='lat'>‚</span> <span class='ocrx_word' id='word_1_226' title='bbox 578 3159 617 3210; x_wconf 88' lang='lat' dir='ltr'>ut</span> <span class='ocrx_word' id='word_1_227' title='bbox 638 3141 699 3210; x_wconf 94' lang='lat' dir='ltr'>illo</span> <span class='ocrx_word' id='word_1_228' title='bbox 717 3137 753 3210; x_wconf 90' lang='lat' dir='ltr'>in</span> <span class='ocrx_word' id='word_1_229' title='bbox 771 3141 887 3234; x_wconf 84' lang='lat' dir='ltr'>sugam</span> <span class='ocrx_word' id='word_1_230' title='bbox 915 3137 1039 3225; x_wconf 86' lang='lat' dir='ltr'>verso,</span> <span class='ocrx_word' id='word_1_231' title='bbox 1064 3139 1165 3219; x_wconf 84' lang='lat' dir='ltr'>facile</span> <span class='ocrx_word' id='word_1_232' title='bbox 1191 3139 1223 3214; x_wconf 86' lang='lat' dir='ltr'>ei</span> <span class='ocrx_word' id='word_1_233' title='bbox 1245 3141 1350 3214; x_wconf 90' lang='lat' dir='ltr'>suerit</span> <span class='ocrx_word' id='word_1_234' title='bbox 1369 3166 1426 3214; x_wconf 88' lang='lat' dir='ltr'>ca·</span> 
     </span>
     <span class='ocr_line' id='line_1_29' title="bbox 234 3231 1425 3332; baseline -0.002 -22"><span class='ocrx_word' id='word_1_235' title='bbox 234 3240 367 3319; x_wconf 87' lang='lat' dir='ltr'>nalem,</span> <span class='ocrx_word' id='word_1_236' title='bbox 393 3261 464 3332; x_wconf 90' lang='lat' dir='ltr'>quo</span> <span class='ocrx_word' id='word_1_237' title='bbox 484 3261 528 3308; x_wconf 85' lang='lat' dir='ltr'>ex</span> <span class='ocrx_word' id='word_1_238' title='bbox 544 3237 631 3308; x_wconf 89' lang='lat' dir='ltr'>mari</span> <span class='ocrx_word' id='word_1_239' title='bbox 646 3231 851 3309; x_wconf 88' lang='lat' dir='ltr'>Harlemico</span> <span class='ocrx_word' id='word_1_240' title='bbox 871 3233 1090 3320; x_wconf 88' lang='lat' dir='ltr'>Harlemium</span> <span class='ocrx_word' id='word_1_241' title='bbox 1108 3236 1223 3308; x_wconf 85' lang='lat' dir='ltr'>versus</span> <span class='ocrx_word' id='word_1_242' title='bbox 1242 3235 1425 3328; x_wconf 83' lang='lat' dir='ltr'>navigatur</span> 
     </span>
     <span class='ocr_line' id='line_1_30' title="bbox 235 3329 1428 3428; baseline 0 -26"><span class='ocrx_word' id='word_1_243' title='bbox 235 3355 425 3425; x_wconf 80' lang='lat' dir='ltr'>occupare,</span> <span class='ocrx_word' id='word_1_244' title='bbox 460 3356 534 3428; x_wconf 91' lang='lat' dir='ltr'>quo</span> <span class='ocrx_word' id='word_1_245' title='bbox 558 3354 629 3418; x_wconf 89' lang='lat' dir='ltr'>uno</span> <span class='ocrx_word' id='word_1_246' title='bbox 655 3329 803 3404; x_wconf 87' lang='lat' dir='ltr'>successu</span> <span class='ocrx_word' id='word_1_247' title='bbox 842 3333 965 3404; x_wconf 85' lang='lat' dir='ltr'>merito</span> <span class='ocrx_word' id='word_1_248' title='bbox 994 3333 1173 3404; x_wconf 90' lang='lat' dir='ltr'>civitatem</span> <span class='ocrx_word' id='word_1_249' title='bbox 1205 3333 1332 3403; x_wconf 76' lang='lat' dir='ltr'>rislam</span> <span class='ocrx_word' id='word_1_250' title='bbox 1357 3330 1428 3402; x_wconf 88' lang='lat' dir='ltr'>else</span> 
     </span>
     <span class='ocr_line' id='line_1_31' title="bbox 235 3425 1427 3518; baseline 0.003 -22"><span class='ocrx_word' id='word_1_251' title='bbox 235 3425 306 3496; x_wconf 90' lang='lat' dir='ltr'>dici</span> <span class='ocrx_word' id='word_1_252' title='bbox 322 3428 446 3518; x_wconf 68' lang='lat' dir='ltr'>potera</span> <span class='ocrx_word' id='word_1_253' title='bbox 497 3426 663 3501; x_wconf 80' lang='lat' dir='ltr'>Extruxit</span> <span class='ocrx_word' id='word_1_254' title='bbox 686 3431 777 3500; x_wconf 89' lang='lat' dir='ltr'>enim</span> <span class='ocrx_word' id='word_1_255' title='bbox 800 3427 836 3500; x_wconf 90' lang='lat' dir='ltr'>in</span> <span class='ocrx_word' id='word_1_256' title='bbox 865 3425 942 3518; x_wconf 91' lang='lat' dir='ltr'>ipso</span> <span class='ocrx_word' id='word_1_257' title='bbox 969 3428 1131 3498; x_wconf 83' lang='lat' dir='ltr'>introitus</span> <span class='ocrx_word' id='word_1_258' title='bbox 1153 3425 1280 3497; x_wconf 85' lang='lat' dir='ltr'>canalis</span> <span class='ocrx_word' id='word_1_259' title='bbox 1308 3425 1427 3500; x_wconf 88' lang='lat' dir='ltr'>castel·</span> 
     </span>
     <span class='ocr_line' id='line_1_32' title="bbox 227 3517 1425 3615; baseline 0 -23"><span class='ocrx_word' id='word_1_260' title='bbox 227 3521 308 3592; x_wconf 84' lang='lat' dir='ltr'>&#39;lum</span> <span class='ocrx_word' id='word_1_261' title='bbox 326 3523 441 3608; x_wconf 85' lang='lat' dir='ltr'>vallo,</span> <span class='ocrx_word' id='word_1_262' title='bbox 462 3518 615 3615; x_wconf 83' lang='lat' dir='ltr'>fossaque</span> <span class='ocrx_word' id='word_1_263' title='bbox 632 3525 819 3609; x_wconf 88' lang='lat' dir='ltr'>munitum,</span> <span class='ocrx_word' id='word_1_264' title='bbox 845 3521 938 3594; x_wconf 91' lang='lat' dir='ltr'>unde</span> <span class='ocrx_word' id='word_1_265' title='bbox 952 3517 1074 3614; x_wconf 89' lang='lat' dir='ltr'>postea</span> <span class='ocrx_word' id='word_1_266' title='bbox 1096 3521 1272 3613; x_wconf 86' lang='lat' dir='ltr'>aliaplura</span> <span class='ocrx_word' id='word_1_267' title='bbox 1294 3543 1425 3614; x_wconf 89' lang='lat' dir='ltr'>oppor-</span> 
     </span>
     <span class='ocr_line' id='line_1_33' title="bbox 232 3611 1431 3710; baseline -0.001 -20"><span class='ocrx_word' id='word_1_268' title='bbox 232 3615 327 3690; x_wconf 84' lang='lat' dir='ltr'>tunis</span> <span class='ocrx_word' id='word_1_269' title='bbox 341 3617 377 3686; x_wconf 89' lang='lat' dir='ltr'>in</span> <span class='ocrx_word' id='word_1_270' title='bbox 392 3615 478 3688; x_wconf 84' lang='lat' dir='ltr'>locis</span> <span class='ocrx_word' id='word_1_271' title='bbox 494 3618 607 3688; x_wconf 84' lang='lat' dir='ltr'>extrui</span> <span class='ocrx_word' id='word_1_272' title='bbox 623 3640 772 3710; x_wconf 89' lang='lat' dir='ltr'>potuere</span> <span class='ocrx_word' id='word_1_273' title='bbox 782 3667 794 3702; x_wconf 89' lang='lat'>,</span> <span class='ocrx_word' id='word_1_274' title='bbox 806 3636 947 3709; x_wconf 87' lang='lat' dir='ltr'>totaque</span> <span class='ocrx_word' id='word_1_275' title='bbox 956 3611 1105 3693; x_wconf 84' lang='lat' dir='ltr'>obsideri</span> <span class='ocrx_word' id='word_1_276' title='bbox 1118 3616 1431 3700; x_wconf 85' lang='lat' dir='ltr'>civitas,maximo</span> 
     </span>
     <span class='ocr_line' id='line_1_34' title="bbox 233 3708 1430 3806; baseline -0.002 -20"><span class='ocrx_word' id='word_1_277' title='bbox 233 3711 391 3796; x_wconf 81' lang='lat' dir='ltr'>hostium¹</span> <span class='ocrx_word' id='word_1_278' title='bbox 400 3708 568 3794; x_wconf 81' lang='lat' dir='ltr'>dedecore</span> <span class='ocrx_word' id='word_1_279' title='bbox 582 3763 592 3796; x_wconf 93' lang='lat'>,</span> <span class='ocrx_word' id='word_1_280' title='bbox 606 3712 704 3803; x_wconf 81' lang='lat' dir='ltr'>quod</span> <span class='ocrx_word' id='word_1_281' title='bbox 720 3734 790 3785; x_wconf 87' lang='lat' dir='ltr'>tarn</span> <span class='ocrx_word' id='word_1_282' title='bbox 814 3713 1076 3805; x_wconf 85' lang='lat' dir='ltr'>imprudenter,</span> <span class='ocrx_word' id='word_1_283' title='bbox 1101 3732 1179 3804; x_wconf 86' lang='lat' dir='ltr'>quae</span> <span class='ocrx_word' id='word_1_284' title='bbox 1197 3734 1261 3806; x_wconf 88' lang='lat' dir='ltr'>per</span> <span class='ocrx_word' id='word_1_285' title='bbox 1279 3708 1430 3802; x_wconf 71' lang='lat' dir='ltr'>Brffurm</span> 
     </span>
     <span class='ocr_line' id='line_1_35' title="bbox 232 3803 1430 3898; baseline -0.002 -18"><span class='ocrx_word' id='word_1_286' title='bbox 232 3805 325 3880; x_wconf 74' lang='lat' dir='ltr'>faeta</span> <span class='ocrx_word' id='word_1_287' title='bbox 350 3804 476 3892; x_wconf 86' lang='lat' dir='ltr'>essent,</span> <span class='ocrx_word' id='word_1_288' title='bbox 501 3803 566 3898; x_wconf 86' lang='lat' dir='ltr'>ipsr</span> <span class='ocrx_word' id='word_1_289' title='bbox 591 3804 1009 3898; x_wconf 82' lang='lat' dir='ltr'>neglexissent‚ci1mse,</span> <span class='ocrx_word' id='word_1_290' title='bbox 1035 3808 1073 3882; x_wconf 89' lang='lat'>&amp;</span> <span class='ocrx_word' id='word_1_291' title='bbox 1097 3805 1314 3881; x_wconf 87' lang='lat' dir='ltr'>Harlemiurn</span> <span class='ocrx_word' id='word_1_292' title='bbox 1339 3803 1430 3878; x_wconf 89' lang='lat' dir='ltr'>sum·</span> 
     </span>
     <span class='ocr_line' id='line_1_36' title="bbox 235 3899 1427 3988; baseline -0.001 -11"><span class='ocrx_word' id='word_1_293' title='bbox 235 3903 292 3978; x_wconf 80' lang='lat' dir='ltr'>mai</span> <span class='ocrx_word' id='word_1_294' title='bbox 316 3925 394 3976; x_wconf 91' lang='lat' dir='ltr'>cum</span> <span class='ocrx_word' id='word_1_295' title='bbox 418 3901 539 3984; x_wconf 87' lang='lat' dir='ltr'>laude,</span> <span class='ocrx_word' id='word_1_296' title='bbox 564 3923 635 3986; x_wconf 85' lang='lat' dir='ltr'>non</span> <span class='ocrx_word' id='word_1_297' title='bbox 672 3899 779 3972; x_wconf 82' lang='lat' dir='ltr'>sollrm</span> <span class='ocrx_word' id='word_1_298' title='bbox 802 3901 1005 3976; x_wconf 87' lang='lat' dir='ltr'>conservare</span> <span class='ocrx_word' id='word_1_299' title='bbox 1017 3953 1030 3988; x_wconf 90' lang='lat'><strong><em>,</em></strong></span> <span class='ocrx_word' id='word_1_300' title='bbox 1055 3901 1178 3976; x_wconf 75' lang='lat' dir='ltr'>verum</span> <span class='ocrx_word' id='word_1_301' title='bbox 1194 3902 1297 3974; x_wconf 86' lang='lat' dir='ltr'>etiam</span> <span class='ocrx_word' id='word_1_302' title='bbox 1313 3901 1427 3976; x_wconf 81' lang='lat' dir='ltr'>Fredr-</span> 
     </span>
     <span class='ocr_line' id='line_1_37' title="bbox 233 3994 1441 4092; baseline -0.004 -20"><span class='ocrx_word' id='word_1_303' title='bbox 233 4003 333 4072; x_wconf 79' lang='lat' dir='ltr'>ritum</span> <span class='ocrx_word' id='word_1_304' title='bbox 349 4021 420 4070; x_wconf 93' lang='lat' dir='ltr'>non</span> <span class='ocrx_word' id='word_1_305' title='bbox 435 3995 560 4068; x_wconf 90' lang='lat' dir='ltr'>minori</span> <span class='ocrx_word' id='word_1_306' title='bbox 575 3994 788 4090; x_wconf 74' lang='lat' dir='ltr'>ignominii‚</span> <span class='ocrx_word' id='word_1_307' title='bbox 812 3995 916 4090; x_wconf 74' lang='lat' dir='ltr'>quim</span> <span class='ocrx_word' id='word_1_308' title='bbox 932 3999 1058 4069; x_wconf 89' lang='lat' dir='ltr'>damno</span> <span class='ocrx_word' id='word_1_309' title='bbox 1074 3995 1208 4070; x_wconf 87' lang='lat' dir='ltr'>afficere</span> <span class='ocrx_word' id='word_1_310' title='bbox 1225 3995 1423 4092; x_wconf 83' lang='lat' dir='ltr'>potuissent.</span> <span class='ocrx_word' id='word_1_311' title='bbox 1438 4031 1441 4035; x_wconf 27' lang='lat' dir='ltr'><strong><em>J</em></strong></span> 
     </span>
     <span class='ocr_line' id='line_1_38' title="bbox 233 4087 1424 4262; baseline -0.005 -92"><span class='ocrx_word' id='word_1_312' title='bbox 233 4093 304 4180; x_wconf 69' lang='lat' dir='ltr'>,Cui</span> <span class='ocrx_word' id='word_1_313' title='bbox 315 4091 537 4190; x_wconf 82' lang='lat' dir='ltr'>negligentiae</span> <span class='ocrx_word' id='word_1_314' title='bbox 553 4093 644 4166; x_wconf 90' lang='lat' dir='ltr'>hanc</span> <span class='ocrx_word' id='word_1_315' title='bbox 660 4089 765 4166; x_wconf 87' lang='lat' dir='ltr'>solam</span> <span class='ocrx_word' id='word_1_316' title='bbox 776 4087 1034 4170; x_wconf 81' lang='lat' dir='ltr'>excusationem</span> <span class='ocrx_word' id='word_1_317' title='bbox 1046 4089 1424 4262; x_wconf 38' lang='lat' dir='ltr'>videntmpotmffffatl</span> 
     </span>
    </p>

    <p class='ocr_par' dir='ltr' id='par_1_7' title="bbox 236 4211 1434 4457">
     <span class='ocr_line' id='line_1_39' title="bbox 1376 4211 1434 4264; baseline -0.034 0"><span class='ocrx_word' id='word_1_318' title='bbox 1376 4211 1434 4264; x_wconf 85' lang='lat' dir='ltr'>er·</span> 
     </span>
     <span class='ocr_line' id='line_1_40' title="bbox 236 4295 950 4457; baseline 0 -85"><span class='ocrx_word' id='word_1_319' title='bbox 236 4375 244 4386; x_wconf 52' lang='lat'><em>„</em></span> <span class='ocrx_word' id='word_1_320' title='bbox 325 4295 591 4386; x_wconf 60' lang='lat' dir='ltr'>&#39;negendam</span> <span class='ocrx_word' id='word_1_321' title='bbox 619 4301 845 4389; x_wconf 81' lang='lat' dir='ltr'>importatum</span> <span class='ocrx_word' id='word_1_322' title='bbox 869 4297 950 4457; x_wconf 73' lang='lat' dir='ltr'>quit.</span> 
     </span>
    </p>
   </div>
   <div class='ocr_carea' id='block_1_6' title="bbox 0 0 1996 5167">
    <p class='ocr_par' dir='ltr' id='par_1_8' title="bbox 0 0 1996 5167">
     <span class='ocr_line' id='line_1_41' title="bbox 0 0 1996 5167; baseline 0 6"><span class='ocrx_word' id='word_1_323' title='bbox 0 0 1996 5167; x_wconf 95' lang='lat' dir='ltr'> </span> 
     </span>
    </p>
   </div>
  </div>
 </body>
</html>
