3984 5167
456 444 462 451 ’
551 508 636 601 342
693 482 730 591 J.
759 478 808 569 a.
835 501 908 569 nr
941 473 1198 570 russis
1233 470 1629 609 couuaur.

290 714 300 729 ,
398 698 507 777 1579.
548 722 579 759 η
604 678 737 749 tiorum
752 670 973 769 vestigalium
990 670 1285 767 wikdadmper
1300 669 1454 766 spatium
1467 672 1578 745 trium
1591 674 1754 751 menfiuu

530 784 532 789 ’
555 820 580 855 ,,
605 774 747 869 publica
773 769 934 845 audiione
964 770 1219 855 conducenda,
1243 769 1384 841 dabitur
1404 771 1478 849 uh,
1502 774 1565 865 qui
1586 778 1752 867 majorem

555 916 581 953 η
605 872 764 967 pecuniae
780 867 944 940 summam
969 892 1037 963 pro
1060 890 1103 941 ea
1128 866 1324 953 obtulerit,
1347 863 1477 959 fietque
1504 866 1669 963 supereo
1692 894 1756 966 per

555 1012 581 1047 ‚,
606 965 713 1041 didius
731 964 935 1039 Provincias
951 966 1102 1037 edietum
1118 963 1324 1057 publicam,
1347 964 1394 1033 ad
1410 961 1511 1055 cujus
1536 988 1695 1038 tenorem
1714 992 1754 1043 ac

554 1108 581 1145 η
606 1085 764 1136 normam
781 1063 900 1135 omnia
919 1062 1000 1135 nac
1017 1062 1224 1154 dirigentur.
1248 1058 1651 1153 Appiitabunturetiam
1670 1062 1754 1157 ejus·

557 1204 581 1240 n
607 1163 687 1234 dem
703 1158 953 1231 neceffitaribus
971 1158 1089 1229 omnia
1108 1158 1202 1229 bona
1217 1152 1348 1250 Regia,
1364 1151 1425 1227 sod
1435 1158 1509 1231 hot
1520 1158 1681 1233 deduffis
1696 1149 1753 1236 de2

552 1301 581 1337 η
607 1257 689 1331 bitis
710 1256 837 1348 quibas
854 1255 1080 1327 invenientur
1092 1276 1248 1326 onerata.

605 1398 630 1431 „
655 1350 771 1423 xvii.
795 1346 985 1440 Diffusum
1000 1351 1222 1443 uectigalium
1236 1350 1475 1443 augmentatio
1495 1353 1554 1424 vel
1569 1353 1752 1430 diminutio

554 1492 581 1530 n
606 1452 683 1537 fiet,
708 1469 816 1543 prout
834 1450 952 1541 exiget
967 1470 1082 1519 rernm
1093 1446 1289 1531 neceffitar,
1305 1446 1345 1516 ἃ
1359 1444 1548 1537 inserviam
1562 1448 1752 1525 defensori

553 1592 580 1626 η
606 1547 809 1631 communi,
842 1541 951 1637 iisque
982 1546 1087 1615 rebus
1113 1566 1196 1637 quae
1218 1542 1492 1617 Generalitateru
1513 1566 1751 1637 concernunt,

497 1704 501 1711 .
550 1688 579 1724 ψ,
605 1640 903 1737 nulloquemodo
918 1641 1056 1737 inalior
1071 1639 1152 1713 usus
1174 1659 1446 1722 convertentur„

602 1738 737 1813 xum.
762 1736 993 1809 Tenebuntnr
1009 1738 1143 1832 oppida
1160 1756 1238 1831 qne
1254 1733 1436 1809 infinibus
1451 1735 1550 1823 sunt,
1566 1740 1750 1817 admittere

551 1880 578 1916 n
604 1840 691 1910 citra
709 1838 814 1907 ullam
831 1831 1069 1907 difficultatem
1083 1832 1266 1928 praeiidia,
1289 1854 1399 1927 prout
1414 1833 1535 1906 iisdem
1553 1832 1749 1913 Provinciis

554 1974 578 2011 o
603 1935 709 2006 unitis
724 1932 920 2029 placuerit,
945 1950 1178 2025 regenturque
1199 1930 1221 2003 ia
1245 1926 1423 2001 Pro-,fedis
1445 1930 1665 2020 Provinciae,
1685 1934 1750 2008 soi·

552 2074 578 2108 η
602 2051 733 2102 ventur
747 2048 863 2099 tamon
873 2048 996 2099 eorum
1020 2027 1189 2121 stipendia
1204 2025 1226 2098 dt
1242 2022 1505 2112 Generalitate,
1522 2026 1562 2098 dt
1575 2030 1671 2103 ultra
1682 2030 1752 2125 jus-

554 2170 578 2205 „
599 2124 787 2223 jurandum
815 2121 911 2217 quod
933 2120 1168 2217 praestiterint,
1179 2123 1435 2218 particulariter
1449 2126 1750 2221 illudetianrprae·

551 2266 578 2301 n
603 2222 743 2295 stabunt
759 2221 913 2307 civitati,
938 2220 996 2291 vel
1020 2218 1221 2294 ciuitatibus
1240 2220 1277 2293 dt
1293 2216 1508 2302 Provincire,
1533 2219 1749 2317 fietqueeius

553 2362 578 2398 ,‚
605 2323 736 2392 mentio
755 2320 790 2389 in
806 2314 947 2402 libello,
971 2318 1033 2389 cui
1050 2319 1107 2389 lte
1125 2316 1348 2390 oonditiones
1370 2313 1623 2407 inscribentur,
1644 2342 1748 2415 atque

550 2458 576 2495 η
602 2418 650 2489 ita
670 2414 708 2489 -se
726 2432 851 2512 gerent
867 2414 1014 2495 milites,
1040 2433 1079 2484 ut
1095 2436 1161 2486 nec
1183 2414 1259 2484 aliis
1277 2411 1479 2498 ciuitatum,
1509 2414 1574 2485 ubi
1590 2414 1748 2511 praessdia

550 2556 576 2591 „
601 2536 732 2608 agent,
757 2511 881 2583 in'colis
898 2508 968 2582 ssve
983 2508 1219 2583 ecciesiasticis
1241 2505 1311 2580 iive
1329 2505 1546 2583 sacularibus
1565 2512 1636 2583 una
1651 2512 1747 2587 infe·
1884 2519 1885 2528 ’

551 2652 576 2688 ‚,
601 2629 696 2682 ratur
719 2606 858 2702 injuria,
885 2626 1000 2699 neque
1024 2607 1059 2676 in
1085 2603 1314 2701 vestigalibus
1336 2604 1416 2699 pius
1444 2608 1676 2701 exemptionis
1696 2612 1747 2682 eir
1885 2648 1887 2695 ;

551 2747 577 2783 ‚r
601 2706 830 2799 promittetur
851 2724 958 2796 quam
989 2703 1057 2773 iliis
1084 2704 1171 2775 aliis.
1232 2698 1453 2773 Generaliter
1480 2701 1635 2776 Unionis
1661 2702 1747 2777 solui

550 2845 574 2879 η
600 2802 734 2967 curapbit
758 2796 908 2892 hospitia
924 2797 985 2870 ubi
1003 2801 1155 2893 degent,
1179 2800 1235 2871 uti
1249 2794 1417 2871 tamenne
1433 2800 1530 2894 apud
1548 2798 1746 2876 Hollandot

549 2938 574 2976 r,
599 2921 665 2970 con
683 2918 815 2969 uerum.

598 3034 621 3068 n
647 2991 741 3065 xlx.
768 2990 817 3062 Et
833 3007 873 3063 ut
886 3010 953 3082 per
968 2983 1243 3085 snorindigenas
1258 3010 1364 3084 atque
1380 2993 1515 3067 inoolas
1532 2992 1634 3086 poflit
1651 2993 1687 3065 in
1706 3015 1744 3067 te

547 3130 572 3167 o
598 3088 722 3162 bellica
734 3088 848 3181 juvari
858 3082 1368 3181 Generalirar,irniuscujusque
1383 3088 1584 3161 Prouinciae
1597 3090 1744 3176 incolae,

549 3227 573 3264 n
599 3187 660 3279 qui
679 3180 876 3256 ofiiodecim
892 3203 1002 3254 annos
1022 3185 1217 3277 attigerint,
1241 3184 1280 3258 δι
1297 3206 1369 3256 non
1383 3186 1557 3259 excedunt
1581 3182 1744 3282 sexageii·

548 3324 573 3360 „
599 3304 712 3365 mum,
735 3280 915 3374 capitatim
934 3276 1065 3372 scripto¹
1076 3277 1326 3367 censebuntur,
1343 3301 1383 3353 nt
1400 3284 1550 3377 cognitis
1558 3284 1743 3369 omnibns,

546 3420 572 3459 o
597 3399 790 3471 eorumque
811 3397 957 3450 numero
975 3376 1013 3447 in
1036 3374 1154 3471 prima
1180 3376 1446 3451 provinciarum
1469 3376 1744 3474 congregatione

547 3516 571 3552 η
597 3476 778 3547 ordinetur
800 3473 869 3556 id,
908 3474 1006 3567 quod
1031 3474 1075 3545 ad
1094 3494 1216 3546 earum
1240 3472 1428 3549 tuitionem
1452 3499 1495 3549 ac
1528 3474 1745 3548 securitatem

546 3614 569 3651 η
596 3570 704 3663 magis
720 3568 897 3641 videbitur
917 3572 1124 3645 convenire.
1614 3612 1617 3616 ·

593 3710 616 3745 „
641 3666 718 3737 XX.
767 3662 971 3757 Numquam
992 3686 1117 3759 agetur
1139 3667 1189 3738 de
1212 3666 1380 3751 induciis,
1403 3689 1518 3763 pace,
1540 3688 1608 3741 nec
1628 3666 1740 3757 bello,

544 3808 570 3844 o
594 3786 709 3860 neque
736 3761 780 3834 de
797 3762 1022 3855 vediigalibus
1039 3764 1278 3857 imponendis,
1302 3760 1365 3835 niii
1381 3761 1569 3848 consensu,
1587 3787 1629 3836 ac
1647 3788 1743 3837 corn·

545 3904 569 3940 ,‚
594 3863 688 3934 muni
702 3855 1018 3934 confuderatorum
1034 3879 1135 3932 voto.
1161 3859 1235 3932 Sed
1249 3878 1414 3955 quantum
1430 3863 1479 3934 ad
1496 3861 1565 3932 aiia
1583 3880 1664 3955 qua
1676 3883 1742 3957 gu·
1885 3856 1887 3927 ἶ

544 3998 568 4035 2,
593 3960 832 4031 bernarionem
858 3954 1059 4051 bonamque
1082 3954 1389 4030 confederationis
1411 3958 1638 4031 directionem
1665 3956 1743 4049 spe·

543 4092 568 4129 η
592 4056 707 4138 stant,
729 4054 789 4125 fiet
807 4053 844 4125 id
861 4052 980 4149 majori
997 4071 1162 4126 votomm
1178 4076 1345 4139 numero,
1365 4049 1737 4137 collediarionefuiia,

539 4189 565 4224 υ
591 4148 857 4241 eoipsomodo,
881 4152 1008 4245 quoin
1022 4147 1219 4223 Ordinibus
1235 4153 1287 4223 uti
1303 4147 1530 4236 oorduetum,
1543 4151 1658 4222 donec
1671 4172 1737 4243 per

540 4284 564 4323 n
589 4242 1262 4323 confuderatosaiiudfueritdecretum.
1287 4246 1440 4323 Proinde
1455 4242 1741 4320 saconunrerfiae

481 4332 485 4339 ’
536 4340 1170 4501 ηιᾶείἱεκῢιεῳιωαιάἱιᾱιιοίεε,
1195 4368 1344 4445 paoem,
1365 4346 1523 4441 muro,
1548 4344 1739 4521 udwimfipp
