3984 5167
399 512 694 607 arana
754 514 1260 621 octavus„
1364 529 1445 641 rat
1502 449 1510 461 ³

254 753 281 789 a
303 690 375 784 lutn
397 710 527 785 exstare
546 706 679 797 lilium,
703 690 859 785 filiamve
877 734 922 786 ex
937 713 1006 787 hoc
1032 712 1279 802 Matrimonio,
1305 714 1366 785 vel
1390 717 1457 789 eoa?
1503 711 1624 813 159⁴ssss

253 850 280 885 ,ι
302 806 490 891 decellille,
515 828 675 901 tempore
692 809 807 881 obitus
826 811 1046 896 alterutrius,
1071 810 1143 886 siue
1166 809 1376 885 Archiducis
1391 816 1450 882 Al·

252 946 276 983 »
289 907 401 993 ¹lurtr',
427 903 497 977 live
511 902 636 976 nostrae¹
652 901 736 976 filiae
747 954 759 992 ,
770 908 831 999 qui
849 906 1080 983 Matrimonio
1097 914 1352 1006 conjungentur
1357 908 1451 996 ,erit

251 1042 279 1079 ,ι
303 1001 378 1075 haee
407 1000 558 1097 praesent
577 1002 723 1073 donatio
742 1004 857 1091 nulla,
883 1005 1075 1101 nulliusque
1089 1003 1237 1090 ¹valoris,
1260 1028 1334 1101 quo
1349 1000 1448 1086 casu,

251 1096 326 1183 aab
343 1098 434 1173 disla
452 1099 567 1171 nostra
589 1098 660 1170 filia
687 1096 789 1173 fuerit
812 1101 939 1192 vidua,
965 1104 1067 1177 cedet
1090 1106 1123 1177 ei
1149 1104 1305 1201 legitima
1327 1102 1450 1198 portio
1566 1162 1573 1177 .

252 1238 280 1275 a
302 1216 461 1293 exparte
480 1192 609 1277 Patris,
635 1194 767 1289 dosque
778 1218 821 1269 ex
839 1218 940 1293 parte
959 1200 1102 1291 Matris,
1128 1224 1208 1298 quae
1222 1202 1257 1275 ei
1279 1200 1447 1284 debetur,

252 1334 279 1372 n
302 1316 453 1389 quaeque
471 1310 639 1387 praeterea
664 1313 748 1381 not,
774 1313 834 1366 aut
860 1293 973 1369 ditius
1008 1296 1099 1370 filius
1120 1299 1236 1371 noster
1256 1292 1448 1391 Princeps,

252 1430 281 1467 »a
300 1393 336 1463 in
358 1390 407 1461 eia
427 1387 634 1463 beneficium
654 1410 719 1485 pro
741 1390 856 1465 nostri
870 1394 906 1463 in
924 1416 1001 1465 eam
1023 1391 1268 1471 benevolentia
1291 1391 1450 1466 conferte

251 1527 281 1566 n.
301 1488 537 1573 voluerimus3
564 1486 601 1558 &
628 1481 857 1561 stArchidux
877 1490 1026 1563 Albanus
1052 1490 1167 1566 noster
1190 1492 1303 1564 bonus
1337 1510 1468 1583 nepos·

252 1625 276 1660 ‚a
301 1581 509 1679 superfuerit
533 1583 635 1655 dislae
658 1581 809 1673 Infanti,
835 1608 941 1680 penes
961 1608 1040 1661 eum
1066 1591 1131 1660 erit
1149 1586 1369 1662 Gubernatio
1395 1608 1450 1658 ea·

252 1710 279 1758 a.
300 1679 446 1755 rundem
478 1678 742 1753 provinciarum
773 1678 948 1757 inferioris
977 1684 1180 1758 Germania
1203 1684 1343 1757 nornine
1367 1702 1450 1781 pto·

251 1819 276 1855 »a
302 1777 474 1873 prietarii,
501 1777 546 1849 ad
564 1798 668 1872 quem
690 1779 763 1851 illa·
777 1778 981 1855 Provincia*
1008 1803 1111 1855 erunt
1134 1784 1322 1856 devoluta.
1551 1792 1556 1795 ’

302 1917 325 1952 ‚2
351 1896 385 1965 4.
412 1874 462 1949 Et
480 1897 550 1949 non
569 1874 694 1967 aliter,¹
715 1878 812 1972 quod
837 1876 1080 1951 deficientibus
1099 1882 1261 1953 omnibus
1283 1870 1466 1951 successo«
1505 1914 1515 1927 ι

251 1972 422 2055 oribus,
446 1993 515 2044 tam
535 1969 709 2059 maribus,
735 1994 836 2065 quam
855 1972 1004 2049 faeminis
1025 1979 1221 2072 procreatis
1248 1997 1292 2049 ex
1310 1996 1353 2047 eo
1370 1971 1455 2043 Ma·¹

251 2069 488 2159 2›.1trimonio,
511 2071 611 2142 itaut
633 2088 736 2140 nemo
751 2092 873 2143 eorum
889 2071 1033 2157 existat,
1044 2072 1172 2168 quibua
1189 2076 1268 2148 haec
1287 2073 1380 2146 bona
1395 2090 1453 2140 ce·

251 2206 281 2242 n.
301 2164 458 2253 dant,eo
468 2164 547 2239 casu
556 2186 598 2237 ea
608 2166 725 2239 omnia
737 2168 898 2243 redibunt
913 2173 957 2243 ad
966 2171 1104 2265 Regem'
1113 2161 1474 2264 Hispaniarum,qui--2

216 2298 220 2308 1
252 2302 283 2339 »a
302 2263 404 2336 nobis
422 2260 604 2345 succedet,
629 2268 686 2334 cui
705 2262 795 2337 hanc
820 2266 1045 2339 donationem
1064 2268 1311 2351 concedimus,
1335 2283 1451 2356 eoque

253 2399 283 2435 η,
301 2358 380 2434 casu
395 2363 466 2454 jam
482 2378 574 2429 nunc
590 2357 623 2428 ei
640 2355 813 2431 bonorum
829 2362 968 2433 illorurn
979 2362 1202 2435 donationem
1225 2360 1472 2434 conserimus..

303 2499 326 2535 n
352 2478 386 2545 5.
412 2454 461 2529 Et
480 2474 549 2529 non
567 2452 684 2542 aliter,
711 2458 808 2551 quod
824 2454 915 2528 dieta
937 2456 1053 2532 nostra
1071 2457 1165 2544 lilia,
1190 2460 1248 2531 vel
1265 2460 1350 2530 aliut
1362 2453 1452 2550 quis·

254 2594 286 2629 a»,
304 2578 409 2649 quam
440 2574 559 2628 eorum
574 2607 594 2640 ,i
609 2552 671 2646 qui
693 2556 737 2625 ad
757 2551 1115 2633 nanesucceffionem
1137 2576 1327 2636 uocantum
1353 2553 1473 2624 nullo
1561 2576 1565 2584 ’

105 2738 106 2741 ¹
252 2691 277 2726 n
303 2654 410 2725 modo
435 2670 606 2746 poterunt
626 2647 784 2723 dividere
808 2646 917 2725 didiae
939 2650 1168 2739 Provincias,
1193 2674 1259 2725 nec
1285 2673 1344 2723 eas
1367 2648 1461 2728 aller

105 2802 106 2805 =
189 2828 199 2837 ,,
257 2788 278 2825 v
305 2772 408 2837 nare,
443 2765 504 2821 aut
537 2746 728 2821 donatione
759 2746 923 2843 cuiquam
952 2745 1207 2827 transcribere,
1233 2744 1304 2821 stne
1331 2738 1449 2817 nostro

104 2871 108 2880 ’
255 2884 285 2922 aa
304 2844 516 2943 haeredisque
528 2844 655 2926 nostri,
673 2840 979 2941 ,successorumque
998 2842 1099 2940 hujus
1115 2844 1250 2940 Regni,
1270 2837 1449 2915 consensa.

278 2978 331 3039 j„
355 2949 388 3015 6.
413 2940 462 3017 Et
478 2964 549 3016 non
570 2942 690 3026 aliter,
717 2940 813 3035 quod
831 2964 890 3028 ea,
917 2940 972 3013 cui
1006 2940 1229 3025 Dominium,
1255 2936 1298 3012 dt
1320 2936 1452 3011 Princi-

254 3082 279 3117 υ
304 3062 404 3135 patus
428 3042 612 3113 earundem
630 3036 891 3111 Prouinciarum
919 3039 1120 3131 continget,
1146 3038 1289 3112 debebit
1319 3036 1468 3108 nubere..

256 3182 287 3216 o.
304 3137 395 3231 Regi
409 3134 678 3233 Hispaniarum,
691 3134 914 3229 vel'Ptincipi
934 3134 1005 3229 ejus
1023 3134 1118 3223 filio,
1129 3138 1191 3232 qui
1207 3156 1292 3208 tunc
1309 3130 1461 3215 exister,.

254 3277 285 3312 a,
302 3235 492 3330 impetrati
502 3234 598 3329 prius
611 3232 764 3327 legitimi
776 3228 1028 3327 dispensatione
1040 3256 1116 3305 eum
1129 3236 1163 3304 in
1181 3231 1287 3305 finem
1305 3226 1473 3300 necessa·-

255 3374 287 3409 η.
304 3332 373 3414 ria,
388 3332 424 3404 δι
444 3328 468 3402 li
486 3356 569 3407 tunc
587 3328 762 3402 noluerint
785 3330 991 3403 contrahere
1007 3330 1097 3401 inter
1114 3326 1148 3399 se
1166 3325 1426 3399 Matrimonium
1440 3372 1476 3405 ,,,

256 3470 286 3505 22.
304 3450 348 3501 eo
366 3426 445 3503 casu
459 3450 530 3502 non
548 3428 681 3522 poterit
702 3426 792 3498 disla
815 3422 968 3499 Domina
987 3426 1091 3497 alicui
1108 3426 1258 3505 nubere,
1279 3442 1338 3494 aut
1359 3422 1477 3493 dotis,-

255 3569 277 3603 η
303 3526 444 3597 nornine
458 3576 481 3611 ,a
497 3528 685 3621 quicquam
711 3542 753 3593 ex
783 3520 887 3594 disiia
908 3520 1102 3597 Provinciis
1129 3521 1355 3601 constituere,
1381 3514 1476 3588 stne·

256 3666 285 3699 ‚a
304 3622 443 3706 nostro,
469 3619 735 3715 nostrorumque
756 3618 953 3703 haeredom‚
974 3642 1015 3690 ac
1036 3615 1263 3691 successorum
1281 3612 1454 3689 distorum

253 3716 505 3815 n..Regnorum
516 3710 1453 3810 Hispaniaeinobisdescendentium,voto,&consen·

256 3860 279 3892 υ
304 3814 363 3897 su,
376 3818 433 3890 cui
451 3812 557 3902 rei,si
574 3832 839 3887 contraventum
854 3806 981 3902 suerit,
994 3810 1164 3908 quidquid
1180 3814 1366 3895 donatum,
1379 3811 1451 3881 col·-

254 3954 288 3989 η.
302 3914 480 4007 latumque
496 3910 620 3997 fuerit,
646 3910 697 3981 illi
712 3906 966 3994 vindicabitur,
992 3930 1156 4003 tanquam
1175 3907 1372 4003 hujusmodi
1389 3904 1452 3977 do·
1468 3948 1476 3955 ·

255 4051 277 4088 ι,
304 4009 420 4091 natio,
432 4010 594 4088 collatio,
606 4028 709 4100 atque
727 4006 885 4078 alienatio
898 4002 988 4078 faeta
998 4056 1009 4093 ,
1021 4003 1259 4099 transaliaque
1275 4000 1452 4075 nonesset.

303 4147 326 4181 η
353 4128 386 4198 7.
412 4104 460 4177 Et
477 4129 547 4177 non
579 4105 696 4188 aliter,
724 4106 819 4196 quod
860 4125 980 4176 omnes
1009 4100 1209 4197 Principes,
1235 4098 1453 4194 Dominique

256 4226 288 4281 a.
303 4200 498 4276 earundem·
519 4200 786 4277 provinciarum
809 4196 983 4272 inferioris
1010 4196 1211 4271 Germaniae
1240 4196 1480 4272 tenebuntur-⁴¹

257 4342 279 4377 η
306 4298 520 4393 conjungere
545 4296 774 4379 Matrimonio
801 4294 891 4369 filios
921 4294 1030 4381 suos,
1055 4292 1209 4387 filiasque
1237 4316 1281 4367 ex
1315 4290 1479 4375 nostra„

254 4440 278 4475 η
304 4398 569 4493 nostrorumque
595 4394 796 4484 haredum,
820 4390 1120 4487 succelsotumque
1136 4387 1253 4487 Regni
1273 4388 1454 4488 Hispaniae

256 4536 290 4575 ‚‚‚
305 4492 500 4579 sententia,
526 4493 564 4567 bt
586 4488 763 4567 consensu.

305 4633 337 4670 ‚a
357 4597 392 4673 8t
414 4586 463 4667 Et
479 4612 553 4666 non
570 4591 693 4680 aliter,
720 4588 823 4685 quod
837 4584 934 4666 diua.
947 4584 1172 4676 nostrafilia',
1196 4583 1337 4682 ejpsque
1353 4578 1456 4749 marsi·
1478 4620 1483 4627 -

1442 4728 1453 4767 2
