3984 5167
360 510 668 611 LIBER
730 510 1226 630 QUARTUS,
1304 544 1425 641 -313

212 753 249 793 m
273 709 388 787 c'lehae
411 710 610 787 Qholicae
631 711 669 784 in
692 710 904 800 contradis,
936 730 998 786 aut
1030 713 1278 793 contrahendis
1301 717 1426 797 Matri·
1468 712 1573 804 1578.

211 853 247 891 ·„
271 809 421 898 moniis,
445 828 614 905 quantum
641 807 685 881 ad
703 812 833 904 gedue
858 809 985 885 attinet
1015 810 1337 911 consanguinitatis,
1361 838 1443 901 aut,

213 912 245 986 -i,
270 906 465 982 affinitatis:
501 927 655 981 attamen
683 907 728 980 de
759 908 997 981 Matrimoniis
1021 906 1210 984 contrasiis
1232 914 1268 985 in
1294 918 1422 1005 tertio,

210 1044 245 1083 -n
269 1027 330 1078 aut
353 1022 479 1100 quarto
495 1006 626 1099 gradu,
652 1026 758 1079 nemo
787 1002 889 1077 eine
915 1000 1114 1079 reformatae
1137 1006 1216 1080 Reli
1242 1008 1331 1082 ionis
1347 1034 1421 1089 mo·

211 1142 244 1182 »22
267 1100 464 1187 iestabitut,
489 1124 556 1175 nec
572 1100 789 1175 dubitabitur
813 1102 860 1174 de
885 1098 1056 1177 soliditate
1088 1100 1164 1175 talis
1248 1107 1419 1195 trimonii,

219 1237 245 1277 η
268 1201 324 1272 uti
344 1222 410 1272 noo
428 1196 662 1295 privabuntur
687 1197 950 1271 successionibus
974 1197 1038 1270 liiii
1062 1220 1107 1271 ex
1134 1201 1264 1277 talibus
1294 1202 1422 1281 Matri·

210 1331 244 1373 'a
265 1298 393 1371 moniis
411 1295 614 1390 procreati,
640 1315 700 1367 aut
724 1296 840 1367 adhuc
858 1297 1081 1385 procreandi.
1485 1302 1490 1315 '

224 1395 256 1463 :f
265 1392 292 1470 3,
317 1390 476 1463 Affinitas
496 1388 682 1484 spiritualis
698 1410 769 1463 non
787 1392 837 1463 im
863 1390 959 1462 ediet
981 1391 1263 1467 Matrimonium.
1411 1428 1417 1439 ‚

261 1486 381 1561 ,Nulla
399 1487 462 1561 fiet
479 1485 676 1569 distinciio,
700 1507 760 1559 aut
778 1486 814 1557 di
846 1487 977 1558 erentia
992 1482 1152 1581 respeetu
1169 1487 1366 1585 Religionis
1383 1491 1421 1565 iu

211 1626 243 1663 -η
267 1606 349 1659 rece
377 1605 415 1656 tu
433 1581 674 1668 scholarium,
699 1580 939 1664 infirmorum,
963 1584 1023 1657 vel
1048 1604 1244 1677 pauperum
1272 1588 1309 1658 in
1330 1583 1421 1661 Uni·

208 1717 243 1759 a»
266 1702 314 1753 ve
394 1678 1011 1775 tibus,Hospitalihus,leprosorum
1027 1680 1212 1772 domibus,
1238 1680 1421 1781 elemoysi·
1549 1700 1555 1707 ⁴

104 1801 106 1810 ’
216 1816 242 1857 η
266 1779 323 1849 uis
344 1778 515 1869 publicis,
539 1797 599 1850 aut
621 1780 729 1849 aliter.

265 1916 290 1952 n
315 1870 552 1946 Tenebuntur
563 1870 778 1947 Reformatae
799 1868 996 1968 Religionis
1010 1891 1134 1945 omnes
1152 1891 1250 1948 extra
1268 1874 1419 1951 Hoilan·

208 2010 244 2049 2>
264 1970 358 2043 diam
376 1967 414 2041 δι
429 1968 630 2043 zelandiam
656 1972 775 2043 colere
801 1969 877 2043 dies
903 1966 1043 2042 feriales
1073 1968 1241 2044 Ecclesaae
1259 1972 1418 2049 Catholi-

208 2110 238 2148 n
263 2090 317 2140 cae
338 2066 527 2153 Romanae,
550 2090 678 2162 nempe
694 2066 917 2140 Dominioam
936 2065 1128 2141 nativitatis
1144 2064 1418 2165 Apostolorum,

206 2202 239 2244 γ,
263 2162 552 2237 Anuuuciationie
568 2162 674 2235 Divae
695 2161 870 2258 Virginis,
895 2160 1169 2259 Assumptiouis,
1202 2161 1419 2245 Purificatio·

206 2297 239 2341 ‚‚
262 2260 339 2343 uis,
363 2259 543 2355 Diemque
566 2258 768 2335 sanetiffim
800 2259 1034 2333 sacramenti:
1061 2284 1176 2355 neque
1202 2261 1270 2336 illis
1294 2266 1418 2339 licebit

207 2401 237 2439 u
262 2358 298 2431 iu
316 2359 418 2431 dinis
439 2358 563 2430 diebus
579 2360 741 2453 operari,
769 2358 952 2443 vendere,
975 2378 1042 2430 nec
1062 2357 1190 2434 habere
1220 2362 1264 2434 ad
1295 2363 1418 2437 vendi·

104 2527 106 2542 ‚
205 2492 239 2533 vr
263 2455 397 2529 tionem
416 2456 578 2529 dedicata
602 2458 691 2527 loos.

260 2595 288 2632 ‚‚
311 2552 509 2624 Claudatur
531 2552 716 2623 macellum
739 2546 861 2623 diebus
888 2549 933 2622 ab
952 2548 1012 2623 esu
1037 2551 1191 2623 carnium
1207 2570 1272 2645 per
1290 2550 1417 2626 Eccle-

203 2690 237 2729 ,‚
262 2646 344 2719 fiam
365 2647 583 2721 Catholicam
609 2642 777 2732 exclufis,
802 2666 972 2741 geretque
990 2644 1027 2719 se
1045 2645 1163 2720 debite
1182 2644 1415 2745 unusquisque

207 2786 237 2825 η
262 2740 755 2817 secundumconsuetudinem
772 2742 853 2813 loci.
1189 2780 1194 2789 ·
1353 2782 1355 2789 ·

218 2868 222 2875 ·
262 2882 286 2919 η
312 2837 367 2914 Ut
387 2839 507 2914 meiius
525 2841 650 2913 vivant
674 2838 797 2911 hatum
814 2836 995 2932 regionum
1011 2838 1138 2913 incolae
1154 2836 1334 2933 utriusque
1343 2836 1413 2915 Re·

210 2964 237 3017 a
262 2938 429 3033 ligionis,
452 2939 668 3011 declaramus
686 2935 764 3009 sore
785 2958 932 3031 capaces
960 2958 1105 3024 omnes,
1130 2936 1320 3011 dummodo
1345 2936 1413 3011 srnt

209 3076 235 3115 n
259 3034 403 3120 idonei,
429 3036 474 3108 ad
492 3034 669 3120 habenda,
693 3052 756 3108 aut
781 3030 977 3108 exercenda
1005 3036 1121 3109 omnia
1151 3053 1316 3122 munera,
1340 3032 1413 3110 live

104 3205 106 3212 Α
207 3130 429 3227 sJustitiae,
455 3130 528 3205 five
546 3133 625 3205 alia.

258 3268 283 3304 n
308 3228 579 3315 Verumtamen,
604 3229 668 3323 qui
684 3224 761 3299 shut
775 3220 990 3299 Resonnatae
1010 3226 1207 3322 Religionis
1229 3246 1300 3299 non
1317 3242 1411 3302 tene·

210 3362 236 3399 n
258 3324 388 3397 buntur
404 3326 499 3399 aliud
516 3324 681 3421 praeilare
697 3323 964 3419 jusjurandum,
988 3342 1093 3416 quarn
1117 3323 1211 3415 quod
1232 3323 1344 3406 bene,
1369 3320 1409 3395 δι

212 3454 237 3495 0
262 3416 410 3493 fideliter
426 3421 460 3494 se
478 3444 602 3518 gerent
615 3423 651 3493 in
666 3422 733 3494 suis
750 3422 971 3503 muneribus,
996 3420 1163 3513 quodque
1187 3417 1409 3515 insequentur

205 3549 235 3593 n
260 3515 524 3592 constitutiones
541 3517 587 3593 de
612 3520 654 3591 iis
676 3520 779 3592 rebus
803 3517 1014 3612 publicatas.

258 3654 282 3688 2,
308 3609 357 3683 lit
375 3600 517 3686 ourrsfit
539 3612 787 3689 administratio
807 3614 946 3708 justitie
969 3634 1016 3684 ex
1038 3610 1227 3707 precipuis
1252 3610 1405 3693 mediis,

206 3745 233 3786 s>
259 3705 389 3805 quibus
405 3708 506 3803 polilt·
525 3711 618 3785 iuter
632 3714 765 3785 incolas
787 3708 985 3784 conservari
1003 3728 1096 3802 pax,
1123 3708 1161 3782 &
1189 3711 1405 3794 concordia,

206 3844 233 3885 n
257 3828 369 3901 eaque
383 3810 431 3877 ob
450 3806 682 3880 diversitatem
699 3808 947 3903 Religionum,
970 3804 1114 3897 aliisque
1133 3801 1300 3877 decausis
1319 3804 1407 3875 mul·

172 3927 181 3942 ‘
206 3944 231 3981 n
255 3906 303 3975 tis
317 3904 466 3989 inlusis
484 3900 527 3977 fit
541 3900 737 4000 suppressa,
761 3925 886 3998 magna
903 3902 1141 3975 innocentium
1155 3948 1171 3983 ,-
1190 3918 1381 3991 eorumque
1393 3942 1405 3987 ,

205 4040 230 4077 η
281 4002 317 4073 ui
328 4000 386 4096 jus
399 4020 589 4095 appetunt,
607 3998 838 4095 oppressione,
851 4022 893 4072 ac
914 3996 1057 4093 injurii:
1084 3993 1233 4068 hancob
1250 3996 1404 4085 causam,

204 4128 230 4174 o
255 4026 291 4170 gt
310 4118 351 4170 ut
363 4116 572 4172 occurratur
587 4098 780 4179 calumniis,
791 4102 941 4190 quatum'
952 4114 1047 4166 nunc
1065 4090 1404 4189 temporisfrequens

203 4225 237 4270 o·
255 4190 306 4264 est
329 4192 434 4281 usus,
459 4192 611 4269 edicitur
634 4194 697 4267 sub
721 4195 821 4268 elisiis
838 4192 952 4290 poenis
978 4188 1260 4284 Magistratibus,
1277 4190 1406 4283 judici·

202 4329 229 4367 n
253 4289 346 4374 bus,
379 4314 541 4381 nec-non
570 4290 727 4388 personis
750 4292 926 4387 privatis,
969 4308 1015 4361 ne
1050 4285 1196 4383 posthac
1231 4310 1405 4383 quemque

200 4424 228 4465 n
250 4390 585 4482 comprehendant,
609 4387 681 4464 nist·
692 4389 875 4468 observato
895 4409 941 4461 ex
957 4386 1068 4461 tn'bus
1095 4383 1267 4461 consuetis
1292 4384 1405 4461 modis

213 4475 557 4563 „romiseans
873 4482 936 4559 Rr
988 4536 994 4549 ·
1143 4556 1147 4572 ,
1263 4520 1288 4559 2,
1313 4500 1406 4563 uuo,
