3984 5167
394 482 688 613 uranu
745 512 1213 627 Qururus.
1359 528 1451 643 3⁶71

243 763 272 811 ‚7
294 713 364 803 est,
389 710 644 796 describendae,
666 710 811 808 posteris
830 708 982 785 servient
997 711 1315 792 iomonumentum
1329 718 1440 821 Legis
1486 737 1594 817 1579:

318 836 355 889 er
383 830 484 884 etuae.

241 834 316 1001 ”E
340 834 453 982 CpVIl.
481 906 661 1006 Quocirca
682 930 762 981 cum
789 924 912 979 omnes
935 901 973 976 δι
997 900 1122 997 finguli
1142 903 1334 1002 supradito
1357 914 1440 989 arti·

237 1052 267 1097 „
288 1006 359 1079 culi
374 1026 557 1099 tantopere
576 1005 754 1077 abundent
767 999 898 1098 justitia
920 1001 956 1075 δι
977 1004 1144 1095 aequitate
1164 1056 1174 1088 ‚
1201 1004 1343 1075 omnino
1361 1028 1440 1101 per·

237 1148 265 1194 ,‚
287 1100 416 1177 sudum
435 1102 484 1176 est
510 1100 592 1173 Suae
608 1100 802 1195 Majestati‚
827 1122 897 1171 non
918 1094 1030 1171 solum
1054 1100 1074 1171 ir
1091 1098 1194 1173 vobis
1213 1098 1440 1177 Illustriffimia

235 1196 508 1292 „Principibus
534 1220 575 1269 ac
598 1194 764 1267 Dominis
792 1194 945 1267 Caesaris·
962 1194 1155 1289 delegatis,
1190 1216 1312 1269 verum
1335 1200 1440 1271 edam
1592 1282 1598 1291 ,

233 1342 263 1387 ,,
284 1294 329 1367 ab
345 1294 431 1367 orbe
454 1313 622 1375 terrarum
640 1288 803 1365 unIverso
824 1290 917 1364 haud
935 1289 1045 1361 dubie
1062 1291 1374 1384 probandossore,
1397 1318 1440 1369 ac

232 1438 261 1484 „
283 1391 439 1486 denique
453 1390 556 1462 etiam
576 1386 732 1459 Ordines
742 1384 931 1472 Statuam,
950 1382 1109 1480 ipsosque
1126 1385 1285 1463 subditos
1302 1412 1373 1465 ram
1398 1392 1444 1467 in.
1538 1476 1542 1484 ‚

231 1532 260 1579 „
282 1509 411 1582 genere
430 1506 534 1580 quarn
552 1485 589 1555 in
607 1482 723 1579 specie
735 1530 747 1567 ‚
775 1503 991 1577 nequaquam
1019 1481 1174 1576 paliuros
1199 1484 1367 1576 ejusmodi
1384 1490 1436 1563 ln·
1527 1504 1534 1511 ’

231 1628 262 1674 „
285 1584 442 1656 culentas
459 1602 500 1655 ac
516 1577 601 1653 vere
617 1578 672 1653 lie
697 1580 766 1651 ales
793 1598 969 1652 tantorum
996 1582 1262 1653 commodorum
1289 1583 1439 1659 oblatio·

229 1726 258 1770 ,‚
281 1700 344 1752 nes
366 1675 429 1749 fibi
451 1678 489 1751 &
509 1675 653 1769 posteris
667 1603 734 1750 iris
753 1673 936 1761 excidere,
961 1674 1168 1770 potissimum
1186 1676 1281 1771 quod
1302 1701 1438 1756 emana-

228 1821 258 1867 ,‚
281 1773 356 1847 rint
375 1795 418 1849 err
434 1770 583 1869 peiiore·
594 1794 665 1843 non
681 1774 795 1845 minus
815 1770 969 1844 cundIdo
985 1822 995 1856 ‚
1014 1792 1117 1865 quam
1128 1792 1248 1847 amore
1262 1794 1407 1869 paterno
1420 1826 1441 1863 ‚.

227 1918 256 1963 „
280 1894 357 1963 quo
376 1868 448 1943 Sua
477 1868 641 1962 Majestas
667 1866 888 1963 prosequitur
912 1866 1077 1961 Belgites
1102 1866 1183 1941 suos
1211 1867 1435 1961 subditos,i

224 2012 253 2060 „
279 1966 408 2061 quibus
434 1984 548 2039 tamen
572 1964 676 2060 ipfius
693 1961 941 2059 praedessores,
966 1986 1041 2037 tum
1060 1964 1165 2037 etiam
1188 1966 1351 2061 ipsemet,
1370 1971 1434 2043 mi.

225 2108 255 2157 „
278 2086 361 2137 rum
395 2060 525 2146 disin,
575 2084 680 2156 quarn
704 2082 782 2133 rara
814 2082 855 2135 ac
879 2059 969 2133 vere
989 2062 1142 2154 ingenua·
1160 2062 1325 2158 obsequia
1347 2068 1439 2139 olirrrr

222 2206 252 2253 „
275 2160 517 2257 perceperint,
527 2176 566 2231 ut
584 2180 651 2230 nec
671 2156 807 2231 dubitet
826 2178 984 2251 tempora
1004 2158 1210 2251 propediem
1230 2159 1410 2235 recursura
1419 2216 1439 2252 ,.

224 2303 253 2346 ,‚
276 2257 408 2351 quibus
426 2257 639 2327 tantumdem
660 2253 722 2327 srbi
749 2276 790 2327 ac
806 2251 1052 2328 successoribus
1075 2255 1241 2351 deinceps
1268 2258 1434 2352 praestau·

222 2398 252 2445 „
276 2354 365 2425 dum
382 2349 479 2434 sore,
502 2354 577 2444 Jure
595 2348 731 2443 sperare
747 2352 889 2444 poterit.
907 2352 927 2387 ”

275 2444 415 2521 CVIII.
441 2444 512 2517 Hae
533 2450 637 2517 Ducis
657 2444 875 2517 Terraenovam'
890 2443 1134 2533 conditiones,
1159 2445 1305 2539 Legatis
1323 2445 1432 2524 Ordi-

223 2566 312 2617 num
332 2564 405 2615 non
423 2543 543 2635 ‚miuus
565 2539 873 2616 irrationabiles&
892 2542 987 2614 durae
1007 2541 1087 2613 visae
1104 2540 1197 2624 sunt,
1208 2564 1312 2636 quam
1327 2566 1438 2623 antea.

220 2622 343 2726 eidem
364 2637 460 2710 Duci
486 2634 622 2708 fuerant
637 2638 734 2718 illae,
769 2658 857 2731 quas
881 2639 949 2732 jam
974 2636 1028 2708 bis
1042 2634 1217 2709 Ordinnm
1242 2636 1369 2734 Legati
1390 2641 1430 2713 in

223 2735 383 2831 medium
401 2732 598 2807 attulerant.
646 2730 760 2805 Erant
780 2731 961 2805 amborum
977 2734 1176 2807 voluntates
1195 2756 1238 2806 ex
1259 2736 1438 2813 diametro

221 2831 323 2922 ipter
339 2826 374 2903 se
395 2830 590 2905 eontrariae.
637 2826 790 2903 Volebat
809 2826 896 2903 Dux·
912 2825 1022 2902 solum
1042 2831 1176 2903 admitti
1191 2831 1227 2901 in
1243 2826 1436 2927 Religione-

221 2926 433 3003 exercitium
452 2924 677 2998 Catholicnm
696 2920 915 3009 Romanum,
941 2921 1104 3019 Regique
1120 2928 1287 3021 integram
1304 2929 1341 3002 in
1357 2927 1435 3005 Po·
1505 3005 1509 3014 ,

177 3112 180 3115 ,
219 3024 335 3097 liticis
354 3023 506 3097 debitam
527 3019 791 3105 obediendam,
819 3020 982 3117 suamque
1001 3044 1141 3097 manere
1162 3024 1422 3102 authoritatem.

216 3118 386 3200 Eoontra
413 3118 472 3191 alii
503 3139 547 3190 ex
580 3118 771 3212 preteritis·
790 3118 1022 3191 conventibus
1049 3140 1090 3191 ac
1115 3117 1279 3215 prael'enti
1307 3143 1431 3196 rerum·

215 3217 313 3290 statu
337 3218 524 3312 plurimum
538 3212 626 3305 juris
643 3211 706 3287 sibi
728 3212 931 3309 anquisitum
947 3210 1159 3304 afferebant,
1191 3233 1361 3309 quatenus
1385 3216 1437 3294 &-

214 3312 319 3399 illia‚
353 3314 413 3408 qui
440 3308 608 3385 diversam
633 3310 678 3383 ab
710 3308 868 3385 Romani
899 3308 1121 3404 Religionem
1146 3308 1403 3406 profitebantur
1410 3363 1432 3399 ,.

213 3406 372 3479 liberum
392 3406 462 3479 suae
486 3404 702 3501 professionis
723 3408 926 3479 exercitium
957 3406 1241 3499 relinqueretur:
1288 3407 1428 3483 &Rex

212 3498 300 3574 solo
329 3499 499 3596 Principis
527 3500 565 3574 su
592 3503 676 3575 remi
692 3524 734 3573 ac
755 3502 901 3575 DomIni
928 3500 1034 3575 titulo
1059 3522 1270 3590 contentus,
1297 3522 1437 3580 caeterat

211 3617 304 3693 quae
319 3596 502 3675 admuntis
519 3524 762 3689 gubernatoris
778 3593 999 3692 Reipublicae¹
1016 3600 1251 3693 pertinerent,
1276 3596 1423 3674 Ordini-

208 3693 288 3767 bus
311 3690 484 3778 trederet,
501 3711 560 3763 aut
579 3691 694 3765 saltem
713 3690 826 3765 socios
851 3688 942 3787 ipsos
956 3692 1073 3767 secum
1092 3696 1127 3768 in
1136 3695 1284 3790 imperio
1293 3696 1433 3771 habers·

107 3827 108 3830 ¹
209 3812 297 3867 non
316 3805 532 3883 gravaretur.
573 3786 673 3861 Nibil
685 3788 782 3861 ¹eninr
801 3790 908 3884 magia
928 3812 1031 3885 quam
1052 3792 1148 3877 hoc,
1171 3794 1311 3865 illorum
1325 3814 1424 3867 men·

208 3888 260 3961 tis
281 3884 372 3970 else,
398 3908 443 3958 err
459 3869 549 3957 bissis
575 3883 644 3955 illis
662 3885 837 3967 articulis,
857 3906 946 3979 quos
961 3884 1214 3984 proposuerant
1230 3884 1431 3964 constabat..

206 3982 464 4075 Quamobrem
486 3980 604 4053 denuo
620 3980 665 4050 ad
686 3980 973 4057 contradlfflonot
992 4004 1034 4055 ac
1052 3980 1322 4057 contestationes
1336 4006 1423 4060 ven·

203 4102 305 4171 tum.
330 4079 542 4175 Allegabnnt
568 4071 695 4152 diserte
728 4076 812 4149 dieti
831 4075 1005 4151 ordinum
1026 4077 1181 4171 Legati,
1213 4081 1322 4156 multa
1343 4101 1436 4184 quar.-

207 4176 285 4272 srpi
320 4202 364 4252 ex
404 4176 466 4253 usn
505 4172 573 4251 esse
610 4170 855 4268 intelligerent.
921 4170 1120 4271 Respondit
1155 4174 1434 4269 Ymaenovanrtrr-

205 4272 420 4382 mediosque
454 4270 525 4353 sese
547 4266 786 4370 Interpoluirr
810 4268 1031 4353 commissarii
1057 4270 1213 4353 eosaru.
1259 4274 1432 4354 Tandem
