3984 5167
550 557 632 645 ns
689 548 723 656 J.
752 544 799 635 u.
826 564 915 635 ns
939 542 1191 641 russis
1222 538 1618 685 comuntur.

396 756 506 832 1574·
546 740 701 815 stitutum
715 738 863 814 necesse
900 735 1141 833 Quamobrem
1165 736 1381 811 occasronem
1400 738 1541 809 minime
1565 738 1751 833 negligen-

546 860 619 924 tes,
643 840 700 907 ille
718 839 850 929 animos
877 835 1018 909 suorum
1038 832 1250 908 suscitando:
1277 836 1314 905 hi
1336 835 1431 907 omni
1450 854 1541 918 erte,
1568 856 1608 907 ac
1632 835 1756 907 studio

547 933 790 1027 pertinacique
809 934 993 1027 negatione
1011 952 1225 1003 nummorum
1246 928 1523 1003 subsidiariorum
1550 932 1662 1028 (quos
1675 928 1752 1004 Re-

464 1028 470 1042 '
546 1052 607 1123 ges
623 1028 810 1122 antiquitus
828 1028 849 1099 l
866 1028 1009 1099 subditis
1028 1047 1185 1121 tempure
1208 1024 1409 1101 necellitatis
1431 1045 1572 1119 petere,
1598 1050 1639 1099 ac
1653 1026 1752 1099 acci·

544 1146 629 1218 pere
648 1121 926 1217 consueverant)
945 1122 1186 1217 Requelanrn'um
1204 1123 1309 1195 variis
1325 1120 1608 1216 expeditionibus
1628 1123 1751 1217 impli·

314 1264 323 1277 ·
428 1287 431 1293 .
544 1242 663 1293 catum
689 1240 887 1315 cogentes,
913 1216 1261 1305 contributionibus,
1287 1220 1427 1313 aliisque
1451 1216 1518 1289 viis
1548 1218 1749 1305 violentis,

544 1336 650 1411 atque
670 1316 973 1400 extraordinariis,
990 1312 1307 1387 contradicentibus
1325 1312 1520 1386 Ordinibus
1543 1318 1558 1400 (
1568 1318 1666 1409 cujus
1683 1335 1751 1407 ge-

544 1414 640 1485 neris
664 1409 752 1497 luit,
775 1411 874 1506 quod
899 1413 936 1483 in
965 1410 985 1450 ¹
1018 1408 1252 1496 excendendis
1275 1409 1454 1482 Abbatum
1470 1407 1671 1481 Brabnntiae
1692 1430 1749 1480 ar·

544 1508 688 1583 boribus
705 1508 843 1597 astum)
871 1504 1057 1581 uccellitati
1074 1501 1287 1599 providere,
1314 1505 1454 1578 tandem
1479 1506 1566 1577 non¹
1580 1508 1630 1579 ita
1648 1503 1749 1580 alliu·

543 1626 624 1677 ente
647 1628 715 1679 aete
729 1592 944 1699 Hispanico‘,
970 1619 1010 1673 ut
1025 1602 1148 1691 tantis,
1173 1620 1312 1697 tamque
1334 1602 1439 1674 variis
1457 1596 1654 1697 sumptibus
1674 1600 1749 1675 sus.

543 1698 687 1787 ficeret,
712 1704 756 1774 ed
790 1722 863 1772 rem
887 1701 1043 1788 duxere,
1068 1699 1257 1771 nemilites
1283 1697 1473 1771 neceffitate
1509 1696 1680 1792 com'pulli
1706 1700 1747 1773 in

544 1798 832 1870 tumultuationes
851 1798 965 1890 palam
983 1794 1177 1888 eruperint:
1204 1792 1324 1888 Belgae
1337 1794 1423 1867 verd
1442 1790 1745 1877 ard-desenlionem
1837 1816 1838 1819 ’

544 1893 596 1966 sui
612 1895 649 1965 in
675 1914 735 1966 eos
753 1915 847 1965 arma
864 1888 1086 1986 sumpserint,
1113 1909 1154 1963 ac
1181 1908 1356 1985 tamquam
1373 1888 1485 1962 concii
1507 1890 1543 1960 iu
1562 1892 1742 1985 apertam,

544 2005 587 2063 ac
611 1990 807 2087 generalem
825 1988 1050 2061 rebellionem
1071 1988 1324 2080 proruperint,
1341 1984 1452 2081 sagaci
1465 1990 1591 2079 procul
1605 1978 1741 2077 d'ubio,

545 2108 587 2159 ac
603 2082 786 2159 artificiosa
801 2086 926 2177 agendi
941 2084 1092 2155 tatione:
1121 2084 1301 2167 nimirum,
1318 2103 1358 2155 ut
1374 2085 1478 2175 culpa
1489 2081 1580 2175 Regi
1595 2082 1718 2177 injesia
1726 2137 1742 2175 ,

546 2180 723 2254 infamiam
750 2176 833 2251 faeti
861 2179 1071 2267 evaderent,
1094 2176 1301 2273 exterosque
1327 2177 1371 2251 ad
1396 2177 1446 2250 sui
1471 2176 1746 2253 commiseritio-

546 2298 653 2361 nem,
679 2298 721 2349 ac
743 2275 1023 2351 benevolentiam
1046 2294 1319 2349 commoverent.
1371 2271 1455 2363 Qut
1476 2274 1520 2345 de
1536 2300 1573 2349 re
1587 2276 1668 2347 alibi
1691 2278 1744 2350 ltr-

545 2375 636 2461 tius,
661 2395 754 2446 nunc
777 2370 896 2446 dixisse
914 2372 964 2445 sat
980 2370 1040 2457 srt,
1067 2368 1208 2445 consilia
1225 2373 1315 2444 ultra
1330 2372 1421 2443 vires
1440 2393 1510 2443 nou
1521 2366 1603 2444 ‘else
1619 2378 1742 2447 exten&

545 2468 689 2555 denda,
725 2466 895 2564 satiusque
923 2464 1003 2541 ess‘e·
1018 2467 1174 2563 Regibus
1200 2468 1317 2540 aestate
1340 2465 1481 2540 sortiter
1507 2467 1743 2563 belligerare,

545 2566 730 2663 hyberno,
763 2586 866 2658 atque
892 2566 1008 2638 alieno
1023 2586 1183 2659 tempore
1196 2563 1392 2659 quiescere,
1420 2560 1523 2659 quim
1543 2564 1739 2656 continuis,

547 2684 653 2757 utque
668 2658 920 2754 intempestivis
936 2659 1149 2754 sumptibus,
1174 2662 1223 2733 ita
1239 2662 1332 2731 vires
1349 2660 1551 2746 exhaurire,
1576 2682 1616 2732 ut
1633 2662 1742 2742 nibil,

548 2761 644 2852 quod
668 2760 784 2851 magni
799 2754 840 2828 stt
858 2760 1024 2831 momenti
1044 2754 1200 2851 agendo,
1220 2754 1375 2849 neglecta
1392 2759 1520 2830 alterna
1540 2760 1664 2851 requie
1675 2760 1741 2844 ,ed

548 2852 688 2928 tandem
712 2853 880 2942 evadere,
905 2871 946 2924 ut
965 2854 1081 2925 omnia
1099 2872 1205 2925 onere
1221 2850 1307 2936 suo,
1333 2874 1437 2947 atque
1456 2856 1549 2925 mole
1565 2874 1741 2930 corruant.

599 2946 671 3021 IV.
698 2947 793 3019 Misrt
811 2946 1038 3042 Requesennr'us
1054 2948 1097 3021 ad
1126 2949 1365 3043 reprimendos
1387 2950 1540 3021 Ludoor’ci
1563 2951 1739 3047 impetus,

551 3039 749 3141 pedestres,
774 3061 880 3137 atque
908 3042 1081 3138 equestres
1109 3045 1230 3138 copias
1252 3042 1356 3117 Duce
1381 3046 1494 3118 Soneio
1514 3046 1651 3134 Donild,
1676 3051 1740 3142 qui

550 3164 597 3213 ex
621 3136 833 3211 Mastrichto
850 3162 915 3234 per
941 3141 1074 3235 aliquot
1097 3142 1170 3212 dies
1195 3136 1345 3213 hostium
1370 3139 1511 3213 consilia
1536 3144 1744 3239 explorans,
1776 3210 1781 3224 ,
1882 3205 1888 3221 .

550 3237 630 3311 cim
648 3236 858 3331 intelligeret
875 3235 1069 3307 erooirom
1085 3258 1151 3331 per
1160 3235 1184 3328 J
1186 3236 1265 3307 uliae
1276 3236 1359 3308 fines
1370 3234 1573 3322 Geldriam,
1588 3238 1742 3334 indeque

549 3328 778 3406 Hollandia'm
801 3327 922 3403 versus
946 3353 1161 3427 properare,
1184 3334 1354 3429 illumque
1376 3331 1509 3418 sciret,
1543 3338 1626 3428 cogi
1652 3338 1745 3410 inter

552 3426 795 3521 Neomagum,
820 3424 856 3497 δι
880 3424 1036 3500 Gravam
1053 3428 1189 3501 duobus
1204 3428 1392 3501 miliaribus
1405 3433 1495 3503 inter
1507 3428 1540 3504 se
1559 3429 1743 3530 distantia,

552 3528 620 3598 iter
635 3522 776 3608 sacere',
802 3522 840 3597 &
855 3518 928 3688 ipse
948 3543 1013 3617 per
1032 3526 1173 3597 alteram
1187 3524 1300 3618 ripam
1319 3522 1474 3598 Gravam
1499 3526 1594 3599 tanti
1619 3530 1745 3602 celeri·

477 3624 479 3629 ’
553 3637 627 3694 tate
646 3616 863 3712 profesiuse
904 3668 916 3702 ,
940 3638 979 3689 ut
1000 3620 1138 3693 licuerit
1166 3642 1209 3692 ex
1233 3620 1363 3694 tatibus
1382 3641 1525 3715 pontem
1544 3622 1743 3712 conficere,

552 3716 814 3809 exercitumque
829 3714 1032 3801 traducere,
1058 3714 1137 3788 cirm
1152 3716 1257 3789 hostis
1274 3716 1434 3803 Mockii,
1461 3719 1556 3815 quod
1569 3721 1617 3792 est
1658 3744 1744 3817 agur

550 3836 623 3884 non
640 3813 730 3884 ultra
753 3830 860 3881 uuum
882 3807 1013 3881 miliare
1032 3806 1154 3883 Grava
1170 3811 1317 3899 distans,
1342 3810 1550 3887 consisteret.
1576 3814 1617 3887 H
1664 3820 1744 3891 ebat

554 3911 689 3979 Sentius
711 3906 884 4001 legionem
902 3902 1050 3990 Siciliae,
1075 3907 1209 4001 Juliono
1235 3910 1366 3983 Rometo
1388 3908 1561 3985 Praesesto
1582 3910 1743 4007 absente,

553 4002 841 4087 Lombardicnn,
866 4022 908 4074 ac
924 4000 1142 4077 Flandrlcam
1161 3998 1336 4078 Praefectis
1354 4004 1549 4078 Ferdr'nondn
1577 4006 1741 4099 Toletano,

555 4120 597 4170 ac
612 4098 748 4171 Gorzolo
767 4099 973 4169 Brocomonto
998 4097 1243 4193 praesentibus:
1270 4102 1355 4173 duas
1379 4101 1636 4189 Walonorum,
1661 4128 1743 4198 qua·

553 4215 630 4269 rum
652 4216 721 4269 una
737 4192 882 4288 parebat
898 4192 1146 4290 Mondrogonr‘o,
1172 4197 1280 4275 ultera
1303 4196 1445 4275 Gallio:
1471 4203 1627 4299 equitum
1651 4202 1746 4274 levis

1638 4318 1747 4373 arma-

714 4408 732 4450 *
753 4404 848 4493 Lege:
870 4404 1118 4484 exscindendis.
