3984 5167
531 533 643 620 ·208
701 523 735 631 J.
764 521 814 616 n·
842 545 914 610 nn
941 459 1199 612 nnssrs
1237 518 1628 650 comment.
1667 589 1674 594 ,

416 699 519 786 1576·
609 699 687 774 XII.
713 701 798 774 Non
815 723 886 775 erar
900 701 961 774 illo
977 721 1075 772 mane
1090 700 1126 772 in
1146 697 1304 774 Consilio
1331 702 1410 776 Dux
1430 683 1675 792 moderant,
1693 701 1754 776 sed
1893 758 1894 767 κ

561 793 654 868 ledo
681 795 712 870 se
742 799 961 880 continebat,
986 797 1222 868 valetudinem
1238 794 1412 881 causatus,
1432 819 1514 871 cum
1540 818 1656 871 tamen
1679 822 1758 873 cre·

565 892 666 966 dator
692 914 771 966 ante
795 891 930 965 facinus
951 890 1142 986 praescisse,
1167 891 1315 983 dataque
1338 915 1447 986 opera
1471 889 1623 966 abfuisse.
1670 891 1757 968 Nec
1893 978 1894 987 ἵ

563 985 679 1059 aderat
694 989 816 1082 Vrgd'ns
832 987 1018 1059 Znichtninr
1029 985 1161 1058 Praeses
1172 985 1217 1070 ¹⁸,
1247 986 1371 1081 &ipse
1386 989 1435 1060 ob
1451 990 1724 1063 invaletudinem
1742 1039 1756 1074 ,

390 1100 406 1160 r
429 1091 462 1185 ld
477 1085 531 1160 ed:
554 1103 644 1178 ,qnae
659 1104 734 1156 erat
755 1086 787 1155 ei
802 1086 980 1156 continua.
1031 1079 1207 1154 Coetemm
1233 1081 1440 1171 interillos,
1467 1105 1556 1178 quos
1572 1084 1755 1176 Baydr'ntss

312 1268 314 1276 y
390 1170 534 1262 3³¹¹¹V¹¹⁵3
566 1180 725 1266 invenit,
752 1177 1007 1273 Mantfrln'nm,
1031 1201 1073 1250 ac
1098 1179 1382 1250 Barlnmnntnnnm
1403 1181 1658 1272 apprehendit,
1682 1179 1755 1256 eos·

391 1245 535 1457 {dd
569 1279 789 1464 nitran
809 1269 1756 1464 ntte⁵2,neantrtnminnerner

392 1417 461 1535 mers.
486 1419 504 1477 y
568 1488 674 1560 atque
688 1467 735 1538 ibi
752 1422 789 1538 iti
797 1423 950 1538 Domum
959 1463 1063 1536 Panis
1074 1463 1116 1554 †,
1133 1466 1290 1557 utvnlgo
1302 1465 1448 1538 dicitur:
1462 1487 1604 1558 exqua,
1621 1419 1760 1559 tempot

460 1613 464 1620 -
571 1583 609 1633 re
627 1564 769 1648 Albani,
802 1563 958 1634 Comites
979 1560 1215 1652 segonnam,
1241 1563 1278 1632 dt
1298 1557 1467 1649 Hornrnſsr
1489 1564 1532 1633 ad
1550 1561 1762 1656 supplicium

572 1658 707 1742 edudii,
732 1654 826 1731 arete
843 1659 886 1728 ad
911 1654 1101 1730 custodiam
1119 1652 1272 1726 tradidit„
1323 1651 1526 1749 Affomudius
1550 1655 1758 1730 constitutus

571 1753 732 1846 captivus
755 1754 792 1824 in
812 1751 889 1824 soro
909 1755 947 1836 in
962 1749 1285 1844 diversorio,quod
1301 1751 1481 1843 parvulam
1501 1753 1627 1824 molam
1647 1751 1760 1845 vulgo

571 1867 720 1920 vocant:
746 1849 839 1920 unde
856 1867 984 1940 quarto
999 1843 1120 1939 postea
1135 1846 1193 1918 die
1212 1847 1355 1918 domum
1373 1841 1406 1918 se
1427 1846 1612 1922 transferre
1629 1847 1662 1918 ei
1679 1869 1759 1940 per·

571 1941 706 2016 missum
725 1944 784 2016 est.
836 1944 982 2016 Sndontio
998 1942 1129 2028 intasto
1143 1938 1237 2012 tedia
1252 1941 1397 2014 domum
1423 1942 1495 2026 ire,
1520 1941 1567 2015 ibi
1618 1939 1761 2016 ennete

572 2036 637 2109 elie
653 2040 762 2112 licuit.
797 2033 1018 2140 Raffing'ent'ns
1032 2058 1114 2122 cnm
1127 2032 1298 2129 Vaffluro,
1328 2033 1437 2109 biduo
1461 2056 1540 2110 ante
1596 2036 1763 2132 ispaniam

569 2132 688 2206 versus
706 2131 855 2228 profesti
872 2151 980 2206 erant.
1006 2129 1170 2204 Interfuit
1189 2129 1345 2204 Consilio
1362 2132 1761 2226 Cnmlanbilt'ppnsMnr·

570 2234 634 2306 chio
654 2233 691 2302 de
714 2229 867 2314 Hauord,
892 2227 1007 2301 Ducis
1026 2224 1214 2320 Atscbotnni
1230 2249 1275 2298 ex
1301 2249 1400 2319 patre
1423 2225 1556 2316 frater,
1580 2229 1624 2301 ad
1645 2229 1762 2322 priva·

575 2345 650 2398 rum
667 2323 807 2418 aliquod
825 2324 1004 2418 negotium
1014 2342 1177 2394 «vocatus.
1214 2321 1283 2396 Sed
1294 2324 1358 2394 -hic
1377 2345 1457 2394 cum
1474 2319 1648 2398 non-esset
1662 2325 1700 2394 in
1717 2343 1763 2393 eo

573 2421 762 2496 Tribunali
776 2417 1000 2493 Confiliarius
1015 2417 1169 2510 Regius,
1189 2407 1300 2490 iiber'e
1323 2415 1473 2490 dimissus
1500 2417 1561 2492 est.
1596 2415 1687 2489 Non
1703 2419 1767 2502 deff

574 2535 677 2594 erant
692 2538 827 2600 tamen,
843 2516 903 2609 qni
918 2511 1115 2596 adsererent,
1128 2514 1165 2586 &
1179 2510 1291 2607 ipsum
1302 2510 1409 2587 futnri
1426 2511 1563 2588 sceleris
1576 2535 1650 2588 non
1664 2509 1765 2586 fnisse

572 2611 735 2687 nescium.
760 2614 959 2685 Advenerat
977 2611 1084 2703 paulo
1100 2627 1180 2682 ante
1196 2632 1242 2680 ex
1259 2607 1453 2704 Hispania,
1477 2608 1538 2682 ubi
1564 2624 1681 2703 egerat
1704 2610 1766 2680 alie

447 2714 460 2742 ⁰
574 2711 740 2805 quamdiu
759 2710 850 2802 apud
867 2704 1021 2798 Regem,
1045 2705 1105 2798 qui
1121 2725 1217 2776 tanta
1235 2727 1313 2776 enm
1329 2705 1438 2799 gratia
1457 2704 1660 2800 prosecutus
1672 2725 1766 2790 erat,

574 2826 614 2878 ut
625 2875 629 2881 .
639 2803 899 2878 cubicularium
914 2800 1012 2873 sunm
1037 2797 1157 2892 (qnod
1174 2798 1225 2870 est
1239 2799 1291 2872 ibi
1307 2797 1427 2871 summi
1444 2799 1596 2885 favoris,
1612 2800 1768 2872 authori·

446 2926 451 2946 ¹
576 2901 676 2978 tatia,
700 2921 741 2969 ac
759 2897 896 2968 fiduciae
913 2899 1062 2987 munus)
1086 2913 1235 2976 crearet,
1254 2897 1350 2989 quod
1362 2913 1401 2966 ut
1415 2890 1560 2968 fideliter
1569 2914 1764 2982 exerceret,

576 2994 741 3068 Marchio
766 2991 926 3084 singulari
951 2991 1141 3062 'uramento
1177 2987 1248 3080 (ut
1273 2987 1412 3084 moris)
1434 2987 1503 3062 sese
1518 2990 1763 3065 -adstrinxerat

578 3090 757 3164 Coeterum
774 3089 927 3158 numira
944 3014 1044 3180 dujus
1063 3083 1245 3168 beneficii,
1263 3085 1476 3181 praestitiqne
1488 3086 1674 3182 juramenti
1692 3109 1762 3158 me·

577 3280 725 3354 viderit:
754 3277 851 3348 fimnl
866 3299 970 3371 atque
992 3274 1082 3348 enim
1100 3273 1259 3385 Belgitrm
1274 3277 1388 3370 attigit
1402 3278 1447 3348 ad
1465 3299 1521 3350 rea
1542 3300 1651 3349 novas
1666 3278 1763 3348 intir-

577 3399 658 3450 nare
673 3375 799 3467 coepit,
825 3393 1031 3464 tantumque
1048 3371 1189 3444 tandem
1206 3393 1242 3442 tn
1257 3394 1302 3444 eo
1314 3370 1486 3465 profecit,
1514 3392 1553 3446 nt
1573 3371 1692 3467 postea
1702 3393 1764 3445 etr·

574 3473 696 3568 primis
713 3469 748 3540 in
766 3491 806 3542 ea
822 3465 1201 3584 profeffionaexntent.

1567 3554 1668 3638 xm.
1683 3555 1762 3634 Eo·

580 3717 585 3728 ·
614 3689 636 3733 *
654 3683 746 3750 Vide
777 3701 853 3766 qnae
881 3683 952 3748 dixi
981 3682 1024 3748 ad
1052 3685 1184 3749 calcem
1214 3693 1371 3748 notatum
1401 3701 1555 3749 mearam
1578 3685 1622 3751 ad
1649 3685 1763 3753 Vitam

578 3769 698 3852 Vrglit',
721 3770 778 3834 ubi
799 3769 866 3832 hoc
884 3766 912 3830 T
909 3765 974 3848 offii
988 3763 1218 3830 testimonium
1233 3766 1380 3830 citatum
1400 3769 1565 3848 oportuit.
1587 3768 1761 3843 Adverte‚

575 3855 656 3916 nihil
680 3853 736 3916 hic
765 3851 835 3916 dici
850 3849 905 3914 ¹de
932 3848 1087 3930 custodia
1105 3848 1222 3930 Viglir',
1242 3847 1345 3914 Unde
1364 3850 1399 3912 in
1416 3851 1505 3915 hanc
1526 3849 1763 3917 fereindncor

574 3935 794 4016 opinionem,
816 3948 855 3998 ut
873 3932 1013 3998 credam
1040 3929 1213 4004 sindonum,
1234 3929 1291 4012 qui
1310 3929 1444 4012 Vrglinm
1468 3951 1487 3997 a
1507 3933 1539 3998 se
1555 3934 1591 3998 in
1616 3933 1763 4017 captivi-

576 4021 647 4082 tate
665 4017 835 4096 visitatum
854 4015 989 4092 scribit,
1013 4031 1092 4078 eum
1109 4033 1179 4079 non
1191 4015 1226 4078 in
1241 4013 1385 4094 quadam
1403 4014 1572 4089 custodia,
1592 4015 1651 4082 sed
1668 4017 1762 4084 domi

575 4097 733 4172 visitasse,
752 4101 786 4162 in
808 4115 873 4180 qua
891 4098 1065 4180 putaverit
1083 4117 1162 4162 enm
1183 4095 1403 4162 custoditum.
1444 4098 1489 4162 Et
1506 4097 1604 4165 certe
1617 4118 1697 4164 cum
1713 4094 1765 4163 di·'
1891 4168 1892 4175 χ

575 4179 743 4246 missisunt
763 4182 891 4263 captivi
910 4180 985 4263 post
997 4180 1273 4263 pacificationem
1289 4177 1548 4249 Gandavensem
1557 4227 1567 4261 ,
1590 4182 1672 4248 nihii
1686 4200 1762 4248 run·
1890 4190 1892 4291 Α

573 4263 625 4328 sus
646 4263 688 4326 de
710 4261 819 4340 Vrgtn.
843 4262 884 4330 V.
906 4261 964 4348 inf.
986 4283 1017 4331 n.
1039 4259 1130 4333 CIV.
1149 4273 1180 4330 in
1202 4262 1261 4345 fin.

614 4341 717 4430 †Hct
744 4345 918 4429 Brootdnys.
1082 4365 1086 4369 ·

1893 1498 1894 1561 i

1893 1638 1894 1685 t

1893 1692 1894 1779 i

576 3180 799 3268 notuerit,
826 3183 878 3253 uti
891 3183 1012 3255 -virum
1026 3180 1179 3263 sortem,
1203 3193 1253 3264 ac}
1262 3183 1476 3276 praecipuum
1501 3181 1668 3268 decebat,
1694 3179 1764 3291 ips?
1842 3161 1847 3167 .
