3984 5167
385 717 512 794 21524

508 1598 512 1603 ·
578 1572 710 1644 bellum
727 1562 997 1641 commodiffins
1018 1566 1094 1658 geri
1103 1560 1206 1731 polle
1217 1614 1228 1651 ,
1249 1560 1310 1634 nist
1329 1564 1376 1635 ob

433 1682 446 1689 “
507 1730 510 1736 .
571 1660 983 1760 :Hispanorumsecuoda
1001 1680 1100 1732 tumu

403 1916 537 1993 Hispano-

385 1993 546 2073 »surriserit

389 2118 477 2227 'negt

557 552 657 647 ‘³190
715 524 749 634 J.
776 522 825 613 u
854 546 929 611 uu
956 516 1205 614 TASSIS
1243 514 1642 615 co-MMuNT.

575 706 715 789 lorinus,
741 700 995 787 submonitus,
1022 700 1266 793 quemvounr
1283 696 1392 793 aliqui
1405 694 1591 787 saucium,'
1603 696 1658 772 bis
1676 716 1774 775 terre

574 801 755 879 transitum
773 796 886 871 Mosae
904 793 1069 881 tentasse,
1093 796 1213 891 ibique
1228 790 1463 868 submersum:
1496 814 1643 869 caeteros
1670 820 1773 885 nox,

579 898 672 985 slvae
698 918 741 967 ue
760 897 951 988 proximae‚
975 892 1153 986 cliviaque
1168 892 1283 963 vicina
1299 892 1441 963 texere·
1455 887 1652 987 Eur-Regiis
1668 897 1775 991 pauci

576 993 654 1067 sunt
670 921 871 1086 gesseras,
894 989 1129 1083 summamque
1155 990 1281 1059 meruit
1306 986 1444 1060 laudem
1467 990 1655 1074 surtirias,¹
1673 991 1774 1085 quod

575 1111 672 1163 tantu
692 1089 867 1161 celeritate
883 1083 973 1157 hosti
986 1088 1055 1179 jam
1075 1082 1274 1155 Hollandiae
1288 1084 1587 1193 appropinquanti
1601 1140 1610 1170 ,
1626 1103 1696 1159 tum
1707 1108 1776 1181 op*

557 1186 734 1285 ‘portund
769 1180 961 1255 oceurllsee
998 1176 1135 1253 -Rebus
1160 1180 1386 1275 vero-regne
1409 1181 1497 1253 nilril
1519 1182 1774 1272 commodius,

555 1283 735 1375 ‘nihilque
752 1281 907 1373 optatius
920 1278 1061 1349 evenire
1076 1276 1204 1371 potuit.
1289 1286 1297 1298 '
1536 1298 1543 1309 ¹

627 1376 711 1449 Vll.
736 1373 907 1488 Restabuq
917 1370 1238 1540 tote’aestas,qusp
1258 1466 1265 1480 ι

578 1472 751 1567 rebusque
773 1471 906 1543 Auram
928 1469 1076 1541 multum
1094 1466 1203 1563 deper
1228 1485 1305 1553 rtis,
1332 1466 1774 1645 mqqppiffgpqqtqsfnffigiqg
1879 1474 1881 1533 :

1115 1662 1245 1746 tostin,
1271 1680 1376 1753 quam
1395 1658 1507 1736 statim
1533 1680 1553 1732 a
1578 1588 1702 1755 pmlffo
1718 1688 1775 1761 ag.
1880 1738 1882 1743 Ι

1240 1369 1292 1443 ost
1309 1389 1377 1441 tam
1393 1366 1557 1469 inignem
1566 1370 1773 1462 vlslorium,

581 1762 699 1859 greffi,
716 1759 796 1835 edm
812 1761 910 1831 nullo
924 1757 1031 1831 modo
1051 1757 1183 1851 placeri
1198 1754 1344 1857 possent,
1354 1754 1557 1852 docilesque·
1569 1758 1776 1852 Requeseneie

581 1860 731 1955 pecunia
747 1855 924 1929 solvendis
933 1850 1139 1962 slipeudiis,
1165 1854 1308 1925 omnino
1333 1848 1470 1925 cursum
1493 1850 1652 1927 nitoris
1668 1856 1776 1931 inter·

581 1957 704 2051 rupit:
728 1952 848 2047 resque
873 1970 984 2045 regius
1006 1970 1078 2021 non
1108 1950 1234 2023 minori
1258 1950 1505 2036 incommodo,
1531 1948 1635 2047 quim
1656 1950 1775 2027 semet·

581 2050 679 2148 ipsos
697 2047 845 2123 affecere
874 2046 1091 2141 ignominis:
1116 2042 1197 2118 edm
1225 2043 1292 2119 viri
1325 2044 1435 2119 fortes
1451 2044 1485 2141 3(
1505 2048 1624 2143 quales
1654 2049 1776 2123 haberi

583 2145 778 2243 volebant)
829 2146 884 2216 lus
901 2144 976 2215 ullis
1001 2141 1081 2238 (uti
1097 2140 1228 2216 diuum
1248 2136 1327 2235 est)
1352 2139 1504 2228 alstidi,
1529 2162 1600 2215 tam
1622 2144 1697 2219 levi
1716 2168 1776 2221 oc·

584 2242 723 2319 cesione
740 2166 832 2317 holfi
851 2236 1002 2313 officium
1015 2240 1208 2349 optimum,
1226 2232 1319 2348 Regi
1326 2260 1414 2311 vero
1429 2236 1778 2353 pellimumpraestare

585 2364 660 2415 nou
678 2338 892 2414 erubuerint.
905 2333 1045 2430 meque,
1060 2336 1096 2410 id
1118 2356 1232 2410 stram·
1243 2332 1322 2407 saus
1345 2332 1780 2434 suie3Antverp1um(non

584 2438 730 2513 reveriti
749 2432 965 2531 presentiam
979 2431 1202 2525 Imperatoris
1220 2468 1245 2518 ,·
1258 2433 1321 2525 qui
1332 2430 1381 2505 ibi
1396 2450 1481 2506 tunc
1497 2436 1666 2529 temporis
1697 2458 1778 2533 age·

583 2533 666 2619 bat,
691 2532 877 2608 constimto
903 2526 967 2601 sibi
986 2526 1137 2620 mem)
1164 2525 1342 2624 professi,
1377 2550 1418 2601 ac
1436 2528 1661 2604 dissimulante
1688 2534 1778 2610 arcis
1847 2598 1852 2605 ,

587 2627 781 2714 Praefeuo,
802 2625 938 2722 -iugreffi
951 2621 1033 2697 sunt
1050 2650 1093 2699 eo
1113 2622 1276 2709 consilio,
1301 2642 1341 2699 ut
1364 2623 1535 2700 sciviuus
1549 2624 1779 2705 sustentaren-

586 2722 885 2814 mr,donecs1bi
912 2721 1029 2793 debita
1058 2720 1229 2815 stipendis
1256 2720 1486 2797 solverentur.
1515 2722 1675 2799 -Praeeret
1695 2744 1779 2801 tune

587 2823 759 2917 temporis
774 2819 854 2891 urbi
868 2820 1079 2912 Campagneus
1094 2817 1306 2915 Burgundite
1316 2820 1336 2861 *
1348 2872 1358 2905 ,
1369 2818 1563 2893 Cardinelis
1575 2822 1780 2897 Grunuellem'

587 2918 724 2999 frater,
748 2918 809 3010 qui
832 2912 998 3007 Hispanis
1019 2911 1283 3008 supramodum
1305 2912 1469 3001 infestus,
1496 2920 1632 3011 aliquot
1657 2920 1780 2993 Welo-

587 3032 713 3087 norum
742 3010 812 3083 suae
836 3012 983 3106 legionis
1007 3010 1239 3097 cohortibus,
1264 3034 1350 3107 quas
1376 3010 1490 3085 secum
1514 3014 1685 3100 habebat,
1712 3016 1780 3089 lli·-
1877 3054 1883 3063 ·

587 3108 714 3207 spanos
735 3106 780 3180 ab
796 3106 940 3177 introitu
957 3104 1055 3201 polle
1071 3108 1252 3203 prohiberi
1276 3107 1355 3184 sutis
1378 3106 1589 3184 confidebat.
1625 3110 1697 3185 Sed
1716 3135 1779 3187 no*

529 3257 531 3260 -
587 3209 655 3279 luit
669 3203 897 3298 Requesenm'us
916 3224 988 3273 rem
1005 3200 1191 3277 discrimini
1206 3204 1379 3297 objicere,
1385 3204 1780 3305 jussoquoClrampugnee

557 3391 565 3401 ,
585 3304 656 3378 ulid
671 3324 753 3377 cum
771 3297 838 3371 suis
854 3296 1049 3393 proficisci,
1075 3321 1119 3373 ne
1135 3297 1257 3373 sinistri
1275 3299 1359 3396 quid
1367 3299 1551 3395 praesentia
1561 3301 1781 3399 suapareret,

586 3400 730 3494 ipsemet
761 3398 914 3469 remedio
940 3396 1173 3484 incumbens,
1198 3418 1268 3469 non
1289 3400 1385 3491 prius
1401 3401 1670 3473 tumultuantem
1696 3404 1783 3474 mili·

586 3518 655 3567 tem
687 3495 881 3588 (quamvis
902 3492 1007 3587 quim
1030 3494 1212 3565 maximam
1236 3489 1375 3587 posset,
1408 3494 1575 3567 adhibere
1600 3496 1781 3572 videretur

586 3593 754 3688 opetum)
779 3587 1051 3682 sedarepotuit,
1077 3588 1180 3685 quim
1203 3590 1375 3663 scivibus
1404 3592 1586 3687 impetrata
1610 3598 1782 3686 pecunia,

586 3712 656 3785 qua
675 3706 749 3760 tota
771 3682 941 3777 stipendia
960 3682 1185 3759 solverentur.
1217 3684 1360 3775 Quibus
1379 3688 1481 3761 r'ebus
1499 3688 1690 3777 confessis,
1711 3709 1784 3765 tum

588 3786 726 3859 demum
753 3777 940 3853 Praefectos
963 3782 1137 3874 legitimos
1162 3802 1399 3877 receperunt,
1433 3784 1578 3879 jussique
1604 3789 1781 3863 civitatem

588 3875 913 3973 relinquere,·cdm
933 3896 1023 3948 totus
1042 3876 1350 3953 sex=hebdomadau
1370 3884 1466 3951 omni
1489 3883 1640 3955 liuentiae
1655 3906 1783 3977 genere

588 3977 633 4047 ad
649 3978 783 4048 libitum
801 3972 936 4066 grassati
956 3971 1075 4062 essent,
1088 3994 1185 4047 tanto
1197 3979 1332 4070 populi,
1349 3974 1521 4085 totiusque
1536 3979 1652 4071 Belgis
1663 4003 1785 4053 moero·

587 4094 648 4157 re,
675 4093 779 4164 atque
799 4074 1061 4166 indignatione,
1079 4094 1118 4143 ut
1139 4096 1208 4143 non
1224 4075 1398 4147 modicum
1418 4076 1591 4147 odiumin
1608 4074 1682 4148 His
1699 4098 1786 4148 anos

586 4169 818 4262 undequaque
840 4167 1065 4244 conflaverit:
1091 4167 1280 4263 praesertim
1300 4168 1379 4247 edm
1396 4194 1467 4249 non
1491 4171 1619 4249 deesset
1633 4100 1791 4265 suffulcio

1660 4270 1782 4363 Reque*

625 4388 644 4428 s
664 4378 760 4468 Lego:
780 4381 1007 4472 Burgundus,
1027 4386 1095 4467 vel,
1114 4386 1324 4475 Burgundio.
1417 4409 1422 4419 ·
