3984 5167
998 294 1015 339 l

220 530 227 543 ’
305 530 664 645 'LllllER
728 536 1202 665 ominatos,
1347 588 1435 681 ως

232 782 256 831 η
281 746 406 823 &lonis
424 743 566 821 subditis
596 744 940 821 contravenientibus
970 764 1148 849 tamquam
1175 754 1430 849 perturbatori·
1485 771 1590 862 1579,

230 886 254 931 η
279 846 343 920 bus
363 842 623 939 tranquillitatis
639 834 792 940 publicae
808 842 1008 1012 inlliqenda.

278 984 302 1020 o
328 938 524 1017 CXXXVI.
549 935 631 1013 Rex
646 940 851 1017 Catholicus
903 934 1015 1016 asallis
1037 941 1248 1041 subditisque
1274 944 1340 1021 luis
1360 948 1427 1026 ser·

229 1078 254 1119 η
277 1038 396 1126 vobit,
422 1037 678 1118 manutenebit.
699 1037 777 1113 &fi
800 1060 891 1133 opus
911 1038 1101 1127 videbitur,
1114 1042 1216 1113 etiam
1234 1044 1277 1115 de
1289 1046 1427 1141 integro

227 1174 251 1214 o
277 1134 619 1208 confirmabitomrtia
637 1130 820 1229 &lingula
845 1134 1097 1255 Jura0Usus,
1121 1136 1426 1233 consuetudines,
1537 1139 1545 1151 ⁵

228 1270 251 1308 n
278 1230 518 1304 immunitates
531 1284 541 1318 ,
554 1229 876 1325 Exemptiones,&
895 1228 1082 1328 Prrvilegia
1099 1238 1331 1331 quarumlibet
1341 1238 1428 1312 Pro·

227 1362 250 1407 s,
275 1331 482 1414 vinclorum,
497 1322 698 1414 civitatum,
713 1328 927 1423 oppidorum
946 1336 1248 1420 communitatum,
1266 1338 1428 1409 aliorum·

224 1465 251 1505 „
276 1447 344 1519 qne
369 1426 586 1519 privatomm
612 1423 791 1509 omnium,
817 1444 888 1495 tum
904 1424 941 1493 in
959 1448 1110 1521 genere,
1135 1448 1208 1499 tum
1234 1432 1270 1500 in
1289 1427 1426 1526 specie,

224 1558 250 1599 n
275 1517 569 1614 quemadmodum
593 1518 629 1589 in
646 1514 776 1593 Edicto
801 1540 996 1614 perpetuo,
1021 1523 1169 1596 articulo
1195 1526 1361 1616 decimo,
1388 1530 1427 1604 dt

223 1650 251 1697 ‚a
275 1635 356 1689 cum
367 1612 563 1693 Provinciis
573 1610 725 1708 Belgicis
735 1618 960 1711 inauguratus
978 1613 1431 1716 fuit,promis1t&juravit.‚

272 1754 296 1790 η
324 1708 539 1787 CXXXVlI.
551 1706 686 1783 Omnes
699 1714 823 1785 milites
839 1718 1006 1802 extranei,
1016 1734 1055 1787 ut
1083 1737 1143 1788 ote
1154 1714 1313 1812 Hispani,
1326 1716 1427 1802 lrali,

220 1850 246 1890 ,‚
272 1806 476 1891 Germani,
503 1803 628 1896 Galli,
653 1806 862 1903 Burgundi,
889 1811 1028 1907 Angli,
1054 1738 1206 1901 ichen,
1235 1816 1272 1886 &
1303 1815 1426 1889 caettri

220 1948 244 1985 „
270 1912 394 1978 omnes
413 1902 603 1997 Peregrini,
617 1907 677 1999 qui
693 1925 841 2003 propter
855 1904 960 1982 hosce
980 1926 1096 1982 motus
1112 1909 1290 2004 utrimque
1310 1933 1427 1986 accer-

217 2046 243 2083 „
268 2000 327 2075 firi
354 2000 465 2085 suut,
498 1996 695 2075 Provinciis
722 2001 873 2097 Belgicis
900 2006 943 2076 ab
976 2006 1044 2078 hac
1094 2027 1155 2079 ace
1182 2008 1426 2116 promulgata,

144 2134 146 2141 ⁴
214 2142 239 2178 η
264 2100 363 2172 intra
386 2099 571 2173 terminum
596 2101 773 2173 communi
797 2097 962 2174 consensu
986 2123 1055 2173 con
1089 2102 1296 2194 tuendum,
1323 2106 1422 2181 irmul

214 2236 239 2277 a
265 2194 462 2281 excedent,
488 2195 526 2269 de
545 2194 668 2268 eodem
690 2216 859 2290 tempore.

266 2337 293 2373 n
324 2288 557 2365 cxxxvffl.
585 2290 698 2384 Quod
717 2294 803 2366 verd
828 2294 952 2367 attinet
967 2294 1012 2367 ad
1035 2292 1119 2367 alios
1134 2294 1263 2369 milites
1282 2318 1352 2370 non
1367 2321 1425 2373 ex·

214 2432 240 2470 2,
264 2410 437 2472 truncos,
463 2387 565 2461 etiam
586 2394 630 2457 ad
651 2388 788 2479 plenam
813 2391 1092 2463 exonerationem
1110 2388 1318 2465 afflidorum
1347 2395 1425 2468 lub-

214 2527 240 2567 η
267 2486 459 2579 dirorum,
493 2480 671 2555 mandabit
702 2480 780 2555 Rex
806 2484 1001 2557 universum
1027 2488 1201 2570 militem,
1235 2509 1304 2560 tam
1333 2508 1426 2563 terra

213 2626 240 2663 „
268 2604 377 2677 quam
394 2580 780 2675 mari,eodemquoque
798 2600 958 2673 tempore
973 2584 1196 2655 exauthorari
1215 2582 1251 2656 &
1271 2585 1423 2673 dimitti,

217 2720 249 2759 o
273 2698 314 2749 ut
334 2678 496 2748 nimitum
514 2676 683 2769 deinceps
697 2673 759 2747 libi
777 2676 943 2770 privatim
958 2679 1080 2750 vivant
1098 2681 1133 2748 in
1151 2680 1425 2774 tranquillitate,

218 2816 243 2853 „
271 2772 455 2846 ordinariis
477 2792 611 2844 tanturn
625 2769 792 2865 praeiidiis
811 2773 955 2845 retentis
973 2796 1014 2847 ac
1033 2769 1252 2863 suffectum,
1288 2794 1327 2847 ut
1347 2776 1426 2850 sub·

217 2914 245 2951 ‚,
273 2870 340 2943 diti
361 2892 523 2964 quoque,
547 2866 643 2939 cives
676 2866 713 2939 dt
740 2870 866 2941 incolae
887 2890 1030 2953 omnes,
1053 2872 1140 2943 citra
1168 2866 1425 2946 cumulationem

216 3008 243 3048 n
274 2968 418 3039 redeant
432 2968 478 3037 -ad
498 2983 722 3035 mercaturam
736 3018 747 3053 ,
762 2964 922 3061 opificia,
940 2963 978 3041 dt
998 2968 1137 3064 negotia
1156 2963 1276 3055 Pacis,
1296 2972 1424 3063 quibus

215 3106 242 3142 „
271 3060 325 3150 se,
351 3084 494 3147 uxores,
520 3060 715 3152 liberosque
735 3062 822 3159 citra
839 3064 998 3157 injuriam
1019 3066 1174 3157 proximi
1199 3066 1344 3138 honeste
1371 3067 1424 3138 su-

214 3202 241 3240 „
270 3158 419 3233 stentare
435 3160 594 3242 valeant,
620 3159 656 3231 dt
674 3157 693 3229 a
708 3160 854 3252 publico
874 3181 1049 3232 armorum
1066 3159 1150 3248 usu,
1171 3162 1207 3236 δι’
1227 3164 1324 3257 pacis
1336 3184 1423 3237 tem·

212 3298 239 3335 η
268 3278 358 3350 pore
377 3278 454 3327 non·
466 3256 717 3336 convenienti,
744 3252 901 3329 defistant
921 3254 957 3326 δι
974 3258 1173 3329 abstineant.

268 3392 293 3429 η
321 3350 516 3425 CXXXIX.
551 3348 731 3423 Universae
753 3353 967 3437 exustiones,
994 3352 1253 3446 impolitiores,
1278 3374 1422 3426 caetera·

212 3488 240 3527 ,‚
270 3445 694 3612 queinusrtatavecligalla
713 3446 750 3519 dt
776 3472 882 3522 onera
893 3446 1113 3541 presentium
1131 3449 1423 3523 turbatumocca-

214 3585 243 3624 ‚,
298 3564 364 3615 one
381 3542 647 3639 quomodolibet
665 3543 825 3629 inducta,
850 3540 1212 3638 penitusceliabuut,
1237 3546 1275 3618 δι
1299 3549 1424 3628 tollen-

214 3678 245 3721 „
271 3648 349 3727 tur,
375 3641 422 3711 ita
455 3650 572 3713 'tamen
601 3660 640 3713 ut
669 3638 694 3711 st
722 3661 803 3735 quae
826 3660 998 3714 certorum
1033 3663 1178 3715 onerum
1205 3643 1424 3715 continuatio

211 3780 241 3820 „
271 3736 387 3810 adbuc
405 3732 484 3809 fore
509 3756 553 3805 ex
588 3736 649 3809 usu
672 3738 825 3903 ¹publico
849 3735 1081 3831 judicabitur,
1107 3738 1204 3812 simul
1232 3759 1337 3833 atque
1359 3756 1425 3829 per

150 3872 155 3879 ·
212 3875 245 3915 n
272 3828 596 3907 OrdinesStaruum
614 3832 669 3925 eju
687 3832 779 3905 modi
799 3835 883 3925 quid
902 3835 1172 3908 demonstratum
1190 3830 1316 3918 fuerit,
1344 3832 1424 3907 Rex
1516 3872 1523 3878 ·

213 3974 243 4011 η
272 3927 365 4003 haud
400 3930 573 4025 gravatim
607 3926 641 4001 se
671 3925 847 4002 Ordinum
877 3928 1026 4004 confiliis
1055 3934 1154 4026 juxta
1185 3952 1228 4003 ac
1254 3928 1424 4005 desiderio

215 4058 245 4107 ς,
273 4023 562 4099 accommodabit.
619 4061 622 4069 ·

269 4164 292 4201 o
319 4120 429 4195 CXL.
455 4120 631 4196 Praeterea
649 4122 892 4197 instaurabitur
916 4121 1060 4195 libertas
1078 4124 1366 4196 commerciorum
1388 4124 1426 4198 dc

213 4255 242 4297 n
270 4216 429 4292 transitus
457 4218 572 4292 ubivis
596 4224 754 4295 locorum
776 4242 841 4316 per
868 4220 995 4307 urbes,
1038 4241 1175 4313 pagos,
1200 4240 1343 4317 portus,
1370 4244 1427 4293 ea·

213 4356 243 4394 „
271 4317 426 4388 rumdem
449 4314 732 4406 provinciarum,
757 4338 830 4390 non
852 4320 965 4390 minus
985 4334 1076 4388 terra
1096 4339 1200 4412 quam
1217 4319 1321 4402 mari,
1347 4336 1428 4409 per·

213 4448 245 4549 '3'
272 4430 340 4508 que
355 4406 483 4497 fluvius
509 4413 547 4497 dt
572 4410 741 4525 flumina,
766 4434 875 4515 prout
901 4410 1099 4521 tacitam
1138 4432 1217 4494 aare
1239 4413 1430 4584 praesffi

453 4565 454 4569 Ἰ
1273 4557 1302 4607 n
