3984 5167
564 494 811 643 ,torn
840 516 1195 615 nrrnssrs
1235 517 1631 614 counitur.

357 794 361 806 ,
413 726 518 819 2598.
563 760 587 796 n
610 718 697 791 locis
722 712 911 801 excedent,
935 714 1117 810 asportare·
1138 713 1257 789 omnia
1278 712 1560 809 impedimenta,
1591 715 1757 814 bonaque

562 855 586 892 n
611 812 752 885 mobilia
770 814 814 884 ad
831 834 890 884 eos
913 814 1145 907 pertinentia,
1170 808 1298 906 quibus
1323 814 1542 887 interdicitur
1565 814 1755 909 quicquam

563 952 592 988 „-
612 911 754 1005 exigere
785 907 834 979 ab*
853 910 974 981 ineolis
996 909 1139 981 illorum
1159 909 1338 992 locorum,
1362 911 1422 981 vel
1445 907 1670 1003 Regnorum,
1695 934 1759 986 aut.

563 1049 588 1084 n
613 1004 774 1081 domibus
799 998 1045 1078 detrimentum
1063 1004 1175 1091 ferre,
1196 1006 1256 1078 vel
1273 1005 1459 1099 quicquam
1482 1005 1600 1079 secum
1626 1028 1757 1103 oppor-

563 1145 590 1181 n
613 1122 708 1189 tare,
759 1102 830 1173 uod
849 1104 893 1174 ad
913 1098 1025 1173 ditior
1041 1101 1174 1174 incolas
1192 1101 1378 1195 pertineat-

558 1284 561 1288 ,
612 1214 635 1276 ἠ
664 1220 718 1285 ts.
734 1125 869 1293 ‘ireque
884 1195 1090 1271 praesidiarii
1113 1195 1237 1271 milites
1265 1194 1347 1270 disti
1365 1196 1496 1268 Blaoeti·
1515 1198 1620 1270 citius
1646 1220 1753 1273 manr-

563 1336 592 1371 n
612 1294 768 1368 ferantur
785 1293 821 1363 in
838 1292 1066 1389 Hispaniam,
1090 1291 1202 1367 didius
1228 1292 1403 1366 Dominus
1419 1288 1497 1365 Rex
1517 1292 1751 1368 Christianiffi·

564 1432 586 1469 η
612 1414 688 1465 mus
712 1390 778 1461 illis
796 1392 931 1463 curabit
950 1389 1023 1465 dari
1048 1392 1208 1484 navigia,
1232 1386 1439 1483 nautasque,
1464 1389 1591 1484 quibus
1607 1393 1756 1487 navigiis

563 1528 590 1565 n
613 1488 699 1561 disti
720 1487 848 1560 milites·
864 1487 1092 1583 imponentur
1110 1508 1189 1560 cum
1204 1486 1385 1560 tormentis
1401 1484 1557 1572 bellicis,
1583 1509 1756 1561 commea·

564 1626 587 1661 ‚‚
613 1604 676 1668 tu,
701 1584 905 1678 reliquoque
933 1582 1016 1658 belli
1038 1605 1228 1679 apparatu,
1259 1604 1449 1675 eorumque
1473 1583 1752 1673 impedimentis,

564 1722 587 1756 n
613 1701 682 1753 tam
703 1680 829 1751 Blaoeti
838 1732 848 1767 ,
864 1702 968 1774 quam
983 1678 1060 1752 aliia
1075 1681 1111 1753 in
1132 1679 1220 1754 locis
1234 1676 1470 1751 existentibus.
1505 1676 1601 1767 Quae
1616 1682 1752 1776 navigia

563 1818 586 1853 n
612 1774 821 1848 tenebuntur
839 1776 1018 1851 restituere
1032 1777 1067 1847 in
1086 1774 1278 1861 Britannid,
1303 1773 1385 1846 dati
1406 1772 1616 1870 fidejussione
1634 1779 1758 1849 eadem

563 1894 587 1949 n·
611 1872 751 1967 navigia
780 1868 1002 1956 restituendi,
1037 1868 1214 1965 ditiosque
1240 1888 1363 1944 nautas
1396 1871 1616 1961 remittendi,
1645 1874 1757 1968 idque

562 2012 586 2046 η
610 1970 702 2041 intra
717 1970 883 2064 temporis
900 1968 1063 2064 spatium,
1089 1970 1185 2060 quod
1211 1964 1436 2061 praelinie'tur.

611 2107 635 2142 η
664 2069 718 2135 ιό.
745 2062 1007 2159 spondentibus
1025 2060 1167 2159 insuper
1183 2061 1285 2137 dictis
1302 2060 1492 2157 Depositis
1514 2062 1550 2136 in
1571 2062 1755 2139 confirma·

563 2162 745 2239 „tionem
772 2162 997 2234 restitutionis
1030 2160 1203 2234 ditiorum
1232 2163 1413 2246 locorum,
1445 2157 1639 2253 fimulatque
1663 2158 1755 2253 ipsro

563 2298 592 2335 n
613 2252 720 2349 Regis
756 2252 1008 2331 Chistianilirmi
1034 2256 1219 2331 ratificatio
1248 2254 1426 2351 praesentis
1462 2254 1757 2330 transmittent

563 2395 593 2433 n,
613 2352 789 2440 exhibita,
814 2350 883 2428 sese
916 2353 1076 2441 daturos,
1101 2353 1247 2449 darique
1273 2370 1453 2426 curaturos
1482 2350 1637 2441 oblides,
1662 2375 1760 2447 quos·

563 2491 593 2527 n·
612 2446 685 2545 ipso
710 2448 829 2536 volet,
852 2450 1029 2545 deligere,
1061 2448 1216 2523 subditos
1243 2446 1393 2542 ejusdem
1422 2447 1531 2541 Regis
1557 2446 1750 2533 Catholici,

562 2588 586 2624 n
612 2548 672 2641 qui
687 2542 900 2633 honorilice,
926 2564 965 2617 ut
991 2567 1130 2642 aequum
1158 2543 1231 2631 est,
1257 2544 1295 2620 δι
1319 2567 1386 2640 pro
1413 2567 1534 2617 eorum
1559 2544 1692 2639 gradu,
1714 2547 1758 2621 &-

564 2684 591 2719 n
614 2644 649 2714 di
675 2642 785 2716 nitate
825 2640 1071 2716 mediabuntur.
1120 2640 1207 2715 Post
1238 2639 1336 2734 cujus
1371 2637 1598 2714 restitutionis
1630 2665 1759 2715 rernm

564 2781 588 2815 n
613 2765 632 2811 e
659 2728 800 2823 etiaim,
825 2739 913 2811 ditti·
926 2736 1063 2811 obfides
1081 2734 1230 2811 libertati
1250 2735 1333 2823 suae,
1360 2734 1456 2809 bonai
1475 2736 1564 2824 fide,
1590 2739 1761 2833 nullique

564 2876 588 2911 η
613 2832 817 2927 interpositi
845 2832 1011 2907 dilatione
1040 2830 1287 2921 restituentur,
1311 2830 1370 2904 sed
1401 2830 1556 2926 exprelii
1586 2834 1655 2907 hic
1673 2858 1758 2907 con·

564 2972 596 3005 ‚r
613 2930 763 3011 ditione,
788 2952 828 3001 ut
855 2929 944 3001 faut
967 2927 1184 3003 restitutione
1207 2930 1264 3002 sex
1288 2929 1445 3002 locorum
1476 2931 1658 3015 Picordiae,
1684 2932 1761 3005 duo

564 3068 588 3102 η
614 3048 657 3097 ex
672 3022 773 3096 diuis
789 3022 966 3099 obsidibus
990 3028 1204 3115 relaxentur,
1230 3025 1371 3120 reliquis
1395 3022 1696 3101 duobusdetentis
1711 3026 1761 3101 ad·

564 3164 592 3199 n>
614 3120 861 3195 restitutionem
877 3120 983 3217 usque
1003 3120 1087 3195 ditti
1111 3122 1248 3196 Blaoeti.

614 3261 637 3293 n
667 3240 719 3309 17.
747 3216 857 3312 Quod
874 3222 996 3293 attinet
1011 3218 1057 3291 ad
1072 3240 1133 3303 ea,
1158 3240 1237 3314 quae
1261 3217 1355 3291 ditio
1372 3216 1520 3293 trablatu
1534 3216 1632 3291 Anni
1652 3240 1762 3311 ¹559:-

564 3356 596 3391 η
613 3314 852 3397 continentur,
878 3336 1028 3409 quorum
1043 3319 1228 3402 executio,
1252 3316 1407 3387 nondum
1431 3314 1479 3386 est
1494 3314 1637 3411 pertita
1655 3318 1762 3412 juxta·

564 3452 588 3487 n
613 3408 762 3505 ejusdem
795 3412 959 3484 tratlatus
977 3411 1233 3500 ¹conditiones,
1266 3411 1303 3485 δι
1332 3411 1529 3499 articulos,
1564 3414 1766 3487 eorundem

384 3590 387 3597 ,
564 3548 588 3583 2,
614 3509 775 3580 executio
792 3508 1039 3601 procurabitur
1068 3504 1295 3599 finieturque,
1320 3506 1416 3603 quod
1447 3507 1602 3580 nondum
1631 3533 1767 3583 mecu-

486 3650 489 3665 .
563 3645 595 3682 ‚‚‹
612 3602 699 3675 tioni
721 3602 921 3676 mandatum
935 3603 1007 3696 test,
1032 3620 1101 3677 tarn
1126 3604 1290 3699 quaellio,
1315 3622 1420 3698 atque
1449 3606 1631 3678 altercatio
1659 3606 1769 3680 feudi

563 3742 587 3779 ,,
614 3702 791 3772 Comitatus
808 3702 918 3777 sanor·
935 3698 1053 3788 Pauli,
1077 3696 1249 3773 Limitnm
1267 3695 1554 3786 Provinciamm,
1578 3700 1769 3797 utriusque

563 3838 586 3875 ,,
613 3792 792 3890 Principis·
807 3816 997 3882 terrarum,
1022 3816 1167 3891 quarum
1186 3794 1390 3870 Dominium
1402 3792 1618 3891 suspensum,
1644 3822 1772 3873 exem·

563 3934 586 3971 υ
610 3893 763 3989 ptionit,
778 3892 1022 3988 vestigalium,
1048 3890 1376 3988 impofitionumque
1401 3913 1517 3966 rerum
1540 3912 1771 3984 exterarum,

560 4026 591 4067 η
610 4010 690 4085 quae
707 3988 971 4085 praetenduntur
995 3989 1039 4061 ab
1062 3989 1191 4063 ineolis
1213 3989 1413 4063 Comitatus
1429 3988 1631 4085 Burgundio
1657 3988 1761 4085 Epis·

382 4100 530 4171 *Terou-
560 4128 587 4163 t>
609 4086 694 4181 copi
714 4084 919 4174 Titoreonae,
946 4084 1109 4159 Abbatiae
1123 4084 1208 4158 Divi
1225 4086 1364 4180 Jtormis
1384 4084 1412 4155 t·
1426 4086 1567 4173 Monte,
1595 4084 1773 4160 Dromo}

385 4198 453 4247 roo
561 4222 595 4261 η,
612 4182 773 4273 Bellonir',
806 4180 1028 4256 restitutionis
1061 4184 1290 4275 quorumdam
1316 4185 1507 4271 locorum,
1540 4205 1694 4277 quorum
1720 4184 1779 4257 al>

559 4320 590 4360 n
608 4275 754 4371 utrique
774 4299 876 4377 parte
898 4279 1035 4377 petitur
1050 4276 1243 4367 restitutio,
1260 4278 1661 4375 aliommqueomnium
1675 4279 1775 4354 diffi-

560 4414 589 4455 ω
608 4373 771 4465 diorum,
790 4394 896 4473 atque
919 4372 1120 4480 altinum
1145 4399 1229 4477 qua
1256 4397 1436 4478 nunquam
1457 4372 1612 4467 decise,
1640 4374 1781 4553 ffi,

1609 4514 1636 4556 Ι)
