3984 5167
245 440 247 443 ’
369 504 664 598 urben
730 504 1427 628 ocravus.q537

233 738 259 776 n
284 719 360 770 rum
379 696 513 795 Regem
530 698 753 774 Catholicum
789 696 921 773 soedere
939 700 1106 773 Cameract'
1122 720 1301 793 ageretur,
1321 708 1430 779 moni·
1479 726 1583 805 1593.

233 832 258 871 n
282 812 362 885 tus,
388 815 486 868 utre
518 795 721 891 diligentius
746 794 899 892 inspesii
932 794 996 867 fibi
1013 794 1227 879 consuleret,
1255 799 1334 871 satis
1364 802 1428 877 fibi

232 929 257 965 η
282 889 472 963 consultum
500 891 568 963 elle
593 890 791 987 respondit,
817 891 842 965 fi
865 914 943 986 quae
959 888 1036 985 spes
1057 893 1109 966 illi
1132 910 1228 982 erat,
1261 896 1297 967 id
1323 918 1367 968 ex
1383 922 1428 971 eo

203 988 207 995 '
231 1024 257 1061 n
281 984 410 1061 studere
431 986 732 1083 consequeretur„
747 1009 787 1061 ut
804 987 980 1063 nascentes
999 990 1036 1059 in
1059 988 1114 1062 Re
1162 1012 1185 1063 o
1211 987 1272 1063 suo
1292 992 1429 1067 baereti-

230 1120 255 1157 η
281 1104 400 1155 corum
418 1080 526 1157 sedias
545 1080 658 1180 pollet
678 1086 848 1161 evellere:
876 1107 941 1159 nec
959 1083 1101 1157 enimse
1162 1087 1243 1181 egui
1263 1088 1428 1182 amplitu-

229 1216 253 1253 η
279 1176 507 1273 dinem,¹tam
523 1180 707 1255 numerosi
725 1176 1011 1268 provinciarum,
1037 1183 1319 1278 populorumque
1337 1187 1427 1255 mul·

227 1313 251 1350 η
276 1274 448 1364 titudine,
471 1297 574 1368 quam
588 1275 697 1349 salute
726 1276 915 1349 animarum
938 1278 1076 1363 metiri,
1099 1278 1135 1351 id
1163 1303 1205 1353 ue
1231 1302 1336 1353 uuum
1361 1277 1424 1352 fibi

227 1410 253 1446 n
276 1372 437 1443 maximae
453 1392 545 1443 curre
562 1368 650 1456 else,
676 1374 902 1467 utintegra,
925 1371 1127 1467 illibataque
1184 1373 1291 1470 eligio
1311 1374 1425 1450 serva·

227 1505 256 1542 η
278 1485 372 1537 retur
392 1487 401 1539 ε
426 1464 512 1561 Qui
533 1467 654 1541 eidem
671 1466 876 1541 Christiane
892 1466 1032 1564 pietatis
1048 1469 1152 1547 laude
1167 1470 1258 1543 iuter
1275 1493 1421 1547 caeteros

226 1602 251 1639 a
276 1561 478 1637 claruerunt
495 1560 673 1658 Caistena,
697 1564 768 1638 imo
782 1566 900 1659 potius
915 1567 1128 1657 Lorboringiae
1151 1562 1295 1639 familiae
1324 1564 1422 1647 Prin·
1540 1599 1542 1602 ·

160 1724 172 1731 ..
224 1697 251 1733 n
275 1658 470 1755 cipes,qui
487 1662 587 1735 velut
603 1661 662 1737 alii
680 1662 821 1755 quidam
840 1657 1277 1756 Machedti,&splendida
1291 1663 1420 1739 Gallim
1533 1748 1538 1753 ,
1591 1707 1597 1721 =

222 1792 248 1831 n
273 1755 387 1847 gentis
405 1754 558 1839 lumina,
581 1758 628 1832 de
646 1756 740 1845 fide,
763 1778 805 1830 ac
828 1752 1037 1852 Religione‚
1061 1760 1198 1852 quoties
1213 1756 1325 1832 atium
1346 1760 1416 1849 est,

113 1874 115 1903 ³
222 1890 251 1929 υ
272 1872 317 1921 ue
342 1850 427 1945 quid
443 1874 483 1925 ea
502 1852 702 1949 detrimenti
725 1874 922 1949 pateretur,
944 1852 1016 1927 suas
1038 1876 1109 1927 non
1132 1858 1239 1929 modo
1261 1854 1417 1929 fortunar

221 1987 248 2025 n
274 1951 412 2035 omnes,
437 1945 496 2021 sed
526 1949 564 2024 δι
591 1948 819 2045 sanguinem,
844 1949 1024 2047 vitamque
1046 1947 1156 2046 ipsam
1184 1951 1414 2025 liberalissime

222 2082 248 2121 o
272 2039 515 2138 profuderunt.
547 2045 615 2121 Sed
640 2050 743 2121 redeo
767 2050 810 2121 ad
831 2042 1055 2124 Catholicum
1084 2041 1220 2139 Regem
1243 2047 1414 2135 vestrum,

218 2178 246 2216 »s
272 2160 375 2232 quem
398 2140 583 2217 secundum
605 2142 719 2217 Deum
749 2144 862 2219 veluti
886 2142 1105 2218 liberatorem
1131 2140 1230 2217 suum
1262 2143 1417 2238 agnoscit

219 2274 245 2311 o
272 2236 390 2308 Gallia.
434 2235 620 2333 Postquam
646 2238 814 2332 irrepsere
838 2239 876 2311 in
899 2240 968 2313 hoc
985 2237 1232 2313 afflisiissrmum
1249 2236 1414 2333 Regnum

218 2372 243 2409 υ
270 2330 432 2419 haereses,
458 2336 637 2430 coepitque
664 2334 775 2427 ipsum
802 2337 884 2409 inde
915 2336 1020 2407 variis
1050 2334 1219 2408 bellorum
1245 2338 1410 2428 procellis
1488 2382 1489 2387 ,

218 2468 246 2505 n
271 2428 417 2518 agitari,
442 2428 573 2524 pollern
593 2450 659 2525 ego
679 2452 859 2503 numerare
876 2430 1062 2505 continuos
1085 2426 1239 2524 septem,
1256 2434 1313 2503 vel
1331 2428 1413 2505 osto

218 2564 245 2601 η
270 2522 500 2607 pontificias,
535 2526 594 2619 qui
624 2527 886 2599 Cathollcorum
911 2546 1028 2619 partes
1047 2526 1263 2619 amplexati,
1294 2530 1413 2599 multis

218 2660 244 2698 t>
270 2640 334 2692 nos
358 2619 558 2716 magnisque
581 2620 815 2705 exercitibus,
841 2618 878 2691 δι
900 2623 1051 2713 ingentis
1079 2624 1237 2713 pecunie
1256 2622 1293 2691 vi
1316 2624 1411 2715 adju-

218 2756 243 2793 »
268 2736 405 2789 varunt.
440 2716 602 2791 Maxime
626 2740 713 2793 vero
738 2718 894 2791 omnium
915 2716 1078 2792 Clementis
1106 2718 1211 2789 ositos
1232 2712 1411 2791 Pontificio

216 2852 242 2889 η
267 2812 406 2886 maximi
427 2796 630 2909 singularem
654 2834 809 2908 paternae
834 2816 869 2885 in
889 2834 952 2886 nos
972 2811 1224 2889 benevolentia
1247 2810 1412 2890 sollicitu-

218 2948 242 2986 υ
268 2909 382 2983 dinem
417 2910 554 3005 magis,
587 2908 764 3005 magisque
791 2910 899 2983 indies
928 2911 1140 3005 experimur.
1187 2908 1320 2983 Verum
1344 2912 1411 2985 hos

217 3044 242 3083 υ
267 3028 412 3088 omnes,
437 3010 488 3079 uti
509 3006 705 3079 divitiarum
722 3003 925 3087 affluentiis,
950 3004 996 3081 lic
1013 3003 1157 3099 profusa
1181 3007 1218 3077 in
1241 3028 1306 3078 nos
1326 3006 1424 3080 libe·

149 3104 154 3117 “
216 3142 242 3195 3,
267 3100 428 3182 ralitate,
456 3103 493 3177 &
509 3100 744 3177 munificentia
764 3101 968 3175 Catholicus
992 3102 1074 3176 Rex
1091 3101 1204 3176 vester
1220 3102 1407 3196 superavit.

214 3238 239 3275 η
264 3196 335 3271 Pro
353 3218 425 3291 quo
441 3198 646 3289 immortali,
672 3222 713 3273 ae
731 3218 844 3293 prope
861 3199 982 3273 divino
992 3196 1181 3283 beneficio,
1201 3193 1324 3289 Regiae
1338 3194 1407 3269 suae

214 3334 240 3369 n
265 3290 460 3387 majestati,
483 3292 934 3390 vestraequeExcellentiae,
960 3316 1041 3386 quae
1055 3292 1207 3366 santium
1224 3293 1293 3363 hoc
1312 3289 1406 3386 lega·

213 3427 239 3465 η
263 3389 366 3460 tionis
384 3412 510 3467 munus
523 3392 629 3477 obiit,
653 3393 793 3488 gratias,
807 3412 877 3463 non
891 3406 1037 3483 quantas
1051 3387 1199 3481 parest,
1224 3386 1283 3459 sed
1297 3409 1406 3481 quan-

202 3519 235 3561 ἠ
261 3504 313 3556 tas
340 3486 444 3557 animi
471 3486 579 3560 nostri
602 3490 787 3580 concipere
813 3484 981 3579 possunt,
1009 3506 1062 3555 am
1091 3484 1223 3558 lilstmas
1244 3484 1403 3579 agimus,

211 3622 236 3657 η
261 3601 431 3672 omneque
445 3577 617 3668 studium,
634 3582 673 3657 dt
698 3603 839 3678 operam
854 3580 994 3657 vitilium
1015 3507 1221 3668 rebamur,
1249 3600 1290 3653 ac
1315 3583 1403 3654 tanti

211 3717 236 3754 »s
259 3674 422 3749 beneficii
449 3680 671 3771 memoriam,
696 3681 886 3774 nunquam*
899 3679 993 3772 apud
1016 3699 1083 3752 nos
1109 3677 1403 3753 intermorituram

211 3814 234 3853 „
260 3768 327 3847 else
342 3772 566 3866 pollicemur,
591 3777 628 3849 id
645 3798 753 3851 unum
778 3771 907 3847 obnixe
925 3774 1080 3869 precati,
1108 3772 1224 3867 utqui
1241 3768 1402 3865 praesenti

210 3911 235 3951 ,‚
260 3870 389 3942 auxilio
412 3866 626 3961 indigemus,
652 3870 789 3947 mature
817 3872 917 3945 uobis
947 3865 1172 3952 succurrere,
1205 3887 1309 3960 atque
1339 3862 1402 3941 fia·

208 4007 234 4045 η
258 3965 375 4061 granti
391 3966 474 4057 huic
493 3964 609 4040 nostro
624 3966 787 4043 incendio
804 3964 996 4045 remedium
1012 3960 1147 4039 adferre
1157 3966 1318 4058 pergatis.
1344 3962 1402 4049 Sir,

210 4102 234 4139 n
255 4062 350 4137 enim
369 4058 524 4137 futurum
545 4058 742 4155 speramur,
765 4084 804 4137 ut
824 4086 878 4139 res
895 4058 1043 4154 nostre,
1067 4055 1401 4155 magnicumRegis

210 4196 236 4235 o
257 4158 362 4233 vestri
383 4160 506 4247 laude,
544 4156 581 4229 &
604 4160 865 4234 immarcessibili
881 4156 1177 4257 gloriifaeliciter
1200 4152 1401 4231 succedant.
1532 4210 1537 4215 ·
1562 4219 1565 4230 .

209 4292 235 4335 η
260 4252 330 4325 His
347 4256 509 4347 gradibus
528 4250 714 4337 Catholica
731 4256 803 4329 Sua
821 4249 984 4352 Maiestas
1000 4253 1095 4325 viam
1110 4251 1173 4325 srbi
1182 4250 1317 4327 facilem
1342 4275 1402 4347 pa·

119 4427 123 4433 ,
210 4389 235 4427 n
260 4347 350 4421 rabit
364 4350 399 4421 in
417 4350 543 4424 coelum
555 4403 566 4440 ,
580 4353 641 4430 ubi
660 4353 779 4431 divini
792 4350 925 4427 visrone
950 4352 1094 4447 (inquo
1111 4346 1174 4427 fita
1186 4347 1235 4424 est
1251 4347 1402 4425 bominis

261 4442 349 4517 Tam.
364 4444 416 4521 11.
429 4446 512 4520 Part
523 4468 558 4523 2.
865 4448 970 4545 Yyy
1245 4459 1273 4526 η’
1294 4444 1403 4519 beati·
