3984 5167
591 534 674 643 408
732 522 766 630 J.
795 522 843 610 u.
873 542 945 609 ns
980 512 1230 611 usssrs
1280 507 1670 606 commune

435 743 539 820 ¹⁵⁷⁹·
586 697 1767 907 iiiiii„illiditlizziltlliiiffiiflillii:

582 904 746 983 triuerat
762 911 893 1004 opera)
917 905 960 981 ad
978 904 1117 979 felicem
1136 902 1244 975 finem
1261 898 1564 996 fuiffetperduiiu.
1590 901 1766 996 Quodvis

584 1002 865 1091 accideratcum
881 1001 1011 1077 subitio
1029 996 1315 1075 ambitio&lucri
1324 995 1403 1091 spes
1414 999 1506 1072 iuter
1514 1003 1766 1095 reconciliatos,

438 1098 442 1109 ’
513 1130 516 1135 ·
586 1100 784 1185 Dominum
805 1103 858 1177 Dr
873 1101 1033 1193 Baurcprr
1055 1092 1308 1169 Atthestensem
1333 1093 1378 1168 ed
1399 1096 1524 1180 duxit,
1549 1116 1590 1170 ut
1623 1118 1666 1169 eo
1691 1120 1767 1196 prae-

585 1217 707 1288 textu,
730 1196 829 1293 quod
849 1190 973 1292 Taffius
995 1212 1202 1290 ,tamquam
1223 1189 1296 1265 His
1360 1190 1389 1264 's
1404 1187 1586 1279 aruum,
1612 1194 1768 1271 mneliet

588 1292 790 1370 Ordinibus
808 1307 948 1389 gratus,
973 1312 1119 1387 eamque
1141 1287 1190 1363 ob
1211 1210 1370 1391 cariffi
1393 1288 1497 1361 etiam
1514 1285 1590 1399 ipse
1610 1288 1634 1362 ἑ
1658 1292 1767 1388 Belgio

587 1388 662 1465 uult
683 1412 764 1465 cum
783 1387 958 1466 extraneis
978 1387 1149 1461 excedere
1170 1384 1334 1465 deberet,
1359 1384 1463 1457 caute
1478 1405 1520 1457 ac
1536 1383 1703 1464 mdustrid
1723 1390 1768 1463 di-

590 1488 685 1561 lium
700 1508 828 1562 munus
841 1482 1040 1582 supremum
1056 1480 1352 1557 reifrumentariae
1361 1478 1462 1573 Taffio
1476 1481 1644 1557 collatum
1650 1486 1766 1559 ambire

587 1584 741 1680 ceperit
752 1634 765 1671 ‚
788 1604 858 1681 qua
881 1586 919 1656 in
933 1605 971 1656 re
991 1579 1159 1677 paulatim
1174 1580 1333 1675 plurimis
1355 1576 1484 1650 invidis
1505 1601 1684 1677 ,ergaque
1699 1579 1766 1678 Tas-

589 1681 670 1773 rium
689 1678 781 1755 male
800 1676 952 1764 sffeiiis,
978 1676 1249 1773 adjuvantibus,
1271 1678 1321 1749 its
1334 1670 1507 1769 profecit,
1525 1695 1568 1751 ut
1589 1680 1767 1755 undem&

588 1775 668 1873 ipse
688 1774 865 1853 discedere
876 1772 984 1872 julius
995 1824 1008 1862 ,
1038 1770 1079 1846 δι
1098 1771 1178 1871 post
1199 1773 1273 1869 ejus
1305 1766 1482 1846 discelsum
1507 1772 1545 1845 in
1574 1774 1767 1866 desuperius

590 1874 630 1947 id
644 1893 771 1949 munus
788 1871 894 1947 fuerit
907 1869 1084 1947 collatum
1108 1868 1276 1946 Necdum
1296 1868 1389 1943 enim
1408 1886 1549 1943 caterva
1562 1866 1767 1958 Rebellium,

589 1966 673 2044 satis
695 1967 757 2042 fibi
769 1966 863 2045 iuTa
891 1989 956 2040 tum
970 1968 1156 2064 praeterit-is
1173 1962 1356 2039 insultibus
1368 1962 1573 2061 injuriisque
1587 1964 1768 2042 uusfeoue

592 2066 799 2154 videbatur,
821 2065 885 2139 nit
901 2062 1041 2159 insuper
1059 2064 1096 2137 &
1125 2064 1196 2135 hoc
1222 2060 1343 2135 lutose
1370 2062 1524 2149 vellent,
1549 2081 1592 2134 ut
1619 2064 1766 2136 omuibus

591 2161 662 2235 suis
684 2159 988 2237 commoditatibus
1007 2181 1087 2255 quae
1107 2158 1179 2253 jam
1196 2160 1321 2253 amplae
1341 2210 1352 2244 ,
1385 2158 1568 2253 multoque
1583 2157 1645 2233 suo
1661 2162 1767 2233 labore

589 2256 771 2355 scquifitae
788 2277 887 2333 erant
911 2254 1022 2350 (cum
1038 2278 1161 2331 munus
1179 2256 1266 2329 illud
1288 2252 1385 2349 quod
1400 2273 1465 2348 per
1485 2257 1560 2327 viru
1583 2255 1615 2333 ei
1636 2256 1767 2329 abstult-

593 2375 693 2442 rant,
717 2378 789 2429 non
803 2356 919 2428 minus
938 2371 1088 2450 quatuor
1105 2351 1258 2425 millibus
1282 2371 1465 2423 aureorum
1483 2350 1601 2434 annue
1622 2353 1768 2449 valeret)

590 2448 779 2546 spoliatus,
804 2470 980 2619 tampuam
995 2450 1076 2524 exul
1093 2448 1226 2559 putris,
1250 2448 1286 2519 in
1305 2467 1375 2542 qua
1390 2464 1464 2520 erat
1479 2468 1581 2521 uatus
1599 2444 1639 2521 δι
1657 2450 1770 2523 educe

593 2568 671 2635 tus,
697 2567 820 2621 contra
835 2549 873 2643 ip
886 2570 946 2621 utu
968 2542 1262 2620 reconciuationis
1279 2564 1436 2616 tenorem
1453 2541 1609 2637 ejectus,
1633 2544 1770 2641 peregre

590 2666 675 2717 cum
691 2665 800 2717 uxore
817 2644 920 2717 etiam
944 2640 1129 2714 sustentare
1156 2659 1361 2736 cogeretur;
1408 2622 1654 2715 crudeliter&
1677 2643 1770 2715 iubu·

592 2736 697 2813 ruane
717 2736 879 2836 profesto
897 2740 1052 2812 nimium.
1100 2734 1235 2811 Verbm
1253 2758 1333 2811 cum
1351 2732 1480 2809 necesse
1499 2738 1677 2810 videretur
1695 2762 1770 2834 qua·

594 2858 745 2930 cumque
764 2832 842 2909 fieri
863 2832 973 2931 pollet
986 2834 1047 2909 via
1058 2884 1071 2920 ,
1095 2834 1240 2908 rebelles
1268 2834 1311 2905 ad
1338 2827 1453 2903 salutis
1480 2834 1574 2907 viam
1593 2835 1770 2918 reducere,

592 2932 633 3005 ,δι
648 2931 729 3003 Rex
777 2932 926 3006 eculiate
940 2933 1185 3026 privatumque
1205 2926 1305 3020 'suffit‘
1328 2928 1506 3021 negotium
1524 2932 1719 3025 negligere,
1740 2932 1770 3005 dt

593 3026 666 3121 ipse
692 3026 735 3100 Tr
761 3048 811 3099 tus
827 3029 1010 3122 publicum
1035 3028 1175 3123 privato
1198 3045 1410 3120 anteponens
1430 3026 1630 3098 invidorum
1653 3030 1771 3101 conati

594 3125 663 3199 bus
686 3128 806 3199 cedere
829 3121 968 3199 coaiius
985 3119 1045 3194 est.
1097 3119 1221 3217 ltaque
1236 3138 1394 3214 tempore
1408 3116 1569 3194 disceffus
1584 3144 1773 3200 exterorum

597 3217 636 3329 df
657 3217 759 3315 ipse,
789 3217 870 3331 satis
896 3219 1013 3314 amplo
1038 3215 1059 3291 ὲ
1086 3212 1250 3308 Parmenfi
1271 3217 1420 3289 donatus
1443 3240 1640 3293 commeatu
1669 3220 1773 3311 ,Bel-

593 3320 861 3487 gmgCrlilllliillli:
910 3410 1008 3485 Dum
1037 3408 1210 3499 Prrmenfis
1230 3407 1448 3485 Maestrichti
1465 3408 1531 3483 eus
1549 3408 1668 3500 ellat,
1700 3413 1775 3510 quid

594 3506 676 3591 Rex
693 3508 736 3582 de
753 3506 920 3604 praediila
935 3509 1215 3583 reconciliatione
1231 3528 1295 3601 pet
1310 3504 1421 3603 ipsum
1441 3531 1509 3580 con
1528 3508 1626 3593 esta,
1645 3511 1774 3583 ulterius

595 3604 673 3679 fieri
689 3604 822 3691 'ubeat,
846 3608 964 3679 redeat
983 3602 1261 3701 Blangervallius
1285 3604 1334 3690 *,
1356 3602 1471 3699 pelles
1497 3605 1546 3678 ibi
1570 3610 1776 3700 permultos

596 3630 729 3777 menies
751 3698 879 3788 saeviit,
904 3702 960 3775 ille
977 3720 1091 3774 tamen
1109 3703 1205 3775 nulla
1223 3697 1342 3773 habite
1361 3722 1427 3772 nec
1442 3700 1580 3796 proprii
1596 3726 1664 3777 nec
1680 3705 1776 3776 totius

593 3802 686 3875 uulae
706 3798 920 3872 incommodi
942 3794 981 3871 dt
1004 3796 1151 3892 periculi
1172 3798 1330 3881 tatione,
1356 3793 1553 3871 constanter
1577 3822 1623 3872 eo
1650 3800 1686 3871 in
1705 3802 1776 3871 loco

593 3892 769 3981 constitit,
795 3895 958 3989 nullaque
983 3896 1118 3965 ratione
1143 3891 1272 3967 adduci
1298 3892 1434 3987 potuis,
1459 3912 1499 3964 ut
1529 3894 1600 3966 alio
1624 3892 1661 3967 se
1679 3915 1778 3967 trans

594 3992 708 4067 ferret.
758 3990 865 4063 Tunc
886 3991 990 4065 etiam
1020 3986 1214 4063 Mechlinia
1233 4011 1344 4085 opera
1363 3984 1472 4063 Patris
1497 3990 1588 4063 Petri
1617 3988 1780 4063 Momcbi

593 4084 821 4169 Dominicani
849 4087 917 4161 viri
949 4083 1076 4175 fortis,
1100 4086 1138 4165 δι
1165 4082 1433 4183 supramodum
1459 4108 1544 4183 erga
1570 4082 1782 4253 Religiopem

1658 4204 1695 4278 tp
1710 4204 1782 4255 um·

637 4376 739 4457 *Hir
749 4378 844 4466 plura
868 4382 1015 4455 uidentur
1035 4384 1144 4472 deeffi,
1163 4390 1309 4472 mortuis
1328 4389 1362 4455 is
1379 4380 1434 4469 ms.
1463 4384 1551 4454 mello
1562 4382 1609 4471 fit
1633 4384 1741 4454 mena.
