3984 5167
537 490 618 621 1‘34
676 505 709 612 J.
739 500 788 592 a.
816 519 883 590 nr
918 464 1187 594 aussrs'
1212 478 1606 593 conluunt.
1665 434 1674 447 ⁸

383 683 487 762 ¹559·
584 694 630 771 V.
658 698 853 793 Margareta
875 690 1154 793 post‘disceli'um
1170 691 1324 777 Fratris,
1350 693 1572 780 bruxellam,
1599 696 1661 771 ubi
1684 695 1732 771 se·

536 793 597 891 des
614 796 709 888 regia
736 795 857 867 haberi
876 792 1061 881 consueta,
1092 794 1213 879 venit,
1238 813 1344 887 arque
1362 794 1458 864 omni
1480 844 1491 879 ,
1525 794 1594 887 qual
1615 797 1733 889 potuit

535 892 619 965 curi
635 892 681 965 ad
697 890 911 964 funstion'em
933 889 984 962 sui
997 890 1149 963 muneris
1164 888 1314 961 animum
1329 891 1434 961 vertit
1453 914 1465 971 ;
1487 890 1583 982 quod
1611 894 1735 987 primis

538 989 757 1082 temporibus
780 987 859 1060 satis
889 984 1038 1060 faelicem
1061 984 1227 1058 sucessum
1245 978 1379 1057 habuit.
1414 982 1487 1057 Sed
1513 988 1649 1060 nonita
1670 989 1733 1061 diu

538 1086 659 1181 postca
684 1085 732 1157 ob
751 1085 893 1156 vitiatos
919 1106 1003 1156 tunc
1028 1102 1092 1175 per
1116 1078 1288 1153 Haerelim
1315 1082 1546 1175 plurimorum
1567 1084 1731 1171 animoa,

362 1192 498 1260 Novitas,
539 1205 595 1253 res
619 1182 710 1257 binis
736 1176 963 1271 praetextibus
986 1176 1030 1247 ad
1047 1179 1239 1271 inquietem
1254 1176 1345 1249 trahi
1364 1196 1491 1272 crepta.
1517 1177 1734 1255 Decreverat

361 1273 465 1362 ⁶³⁶⁰&
539 1275 618 1351 Rex
634 1274 816 1351 christiana
840 1295 955 1347 mente
979 1276 1098 1366 plures
1119 1268 1150 1343 E
1178 1270 1348 1369 iscopatus
1369 1274 1596 1361 constituere,
1621 1297 1731 1373 utque

360 1343 507 1482 W&
539 1376 724 1454 haberent,
750 1371 846 1464 quod
863 1371 907 1441 ad
936 1370 1093 1479 sumptus
1112 1294 1460 1463 sufficerenfingulas
1475 1371 1541 1442 illis
1563 1371 1732 1447 Abbatiat

360 1438 498 1559 mm,
539 1467 746 1561 anneliieret
771 1467 868 1561 quod
887 1489 995 1539 unum
1016 1464 1219 1538 incredibile
1243 1460 1363 1549 dictu,
1388 1484 1554 1560 quantum
1576 1470 1731 1542 omnium

361 1573 477 1646 aaa&
541 1567 673 1639 animos
700 1562 878 1637 offendit:
904 1566 986 1634 hinc
1014 1566 1104 1633 eninr
1128 1570 1245 1655 aptam
1277 1558 1368 1633 nacti
1390 1560 1605 1637 occasronem
1626 1566 1733 1637 avitae

362 1659 473 1747 mnan·
541 1660 736 1755 Religionis
751 1660 854 1731 obllti
876 1660 1055 1741 homines,
1081 1654 1293 1753 Religiosum
1317 1656 1425 1751 Regis
1449 1654 1641 1730 institutum
1663 1654 1733 1731 Hi·

359 1735 486 1871 ΜΨ
539 1758 688 1853 spanicae
706 1752 926 1848 Inquisrtioni
955 1755 1207 1839 attribuentes,
1231 1775 1301 1824 non
1323 1775 1469 1848 parvum
1493 1752 1585 1847 Regi
1611 1754 1734 1828 odium

363 1808 416 1887 ‘ff‘
441 1826 495 1868 'm‘
540 1854 636 1949 apud
676 1856 807 1925 multos
844 1849 1058 1936 conflarunt,
1097 1850 1291 1945 populique
1329 1849 1558 1943 undequaque
1600 1850 1734 1925 animos

541 1952 586 2023 ad
601 1947 767 2022 delideria
786 1970 954 2021 novatum
978 1968 1092 2021 rerum
1114 1942 1216 2018 facile
1232 1942 1387 2019 erexere.
1559 2033 1562 2039 ‚
1682 2032 1691 2038 ,-

589 2042 663 2119 VI.
689 2041 782 2117 Orta
797 2040 846 2116 est
863 2046 966 2117 etiam
986 2044 1134 2114 maxima
1149 2040 1323 2129 fimultae,
1350 2040 1387 2114 &
1411 2038 1531 2114 odium
1558 2038 1651 2115 inter
1664 2040 1733 2139 Eg·

542 2156 744 2222 montanum,
770 2143 971 2225 Antiatum,
998 2139 1150 2233 aliosque
1182 2132 1368 2218 Proceres,
1396 2134 1433 2210 δι
1458 2137 1730 2225 Granatllanam,

519 2235 641 2330 “quod
655 2234 772 2308 serunt
782 2237 891 2329 aliqui
905 2256 1075 2309 exterum
1090 2233 1309 2329 publicarum
1321 2227 1621 2317 administratione,
1632 2252 1733 2329 quam

541 2354 617 2434 pra
638 2332 712 2405 aliis
727 2333 785 2404 hic
807 2330 1112 2423 sibivendicabat,
1138 2325 1317 2402 emanasse.
1342 2328 1413 2399 Alii
1429 2326 1599 2412 sentiunt,
1620 2314 1733 2403 studio

543 2424 734 2506 excitatum
757 2428 801 2500 ab
827 2426 919 2513 illis,
945 2427 1007 2524 qui
1033 2448 1096 2512 ea,
1122 2442 1198 2517 quae
1225 2424 1345 2517 postea
1369 2421 1462 2510 visa,
1494 2424 1735 2501 &consecuta

540 2523 621 2597 sunt
636 2526 753 2613 auimo
768 2542 1026 2617 conceperant,
1054 2543 1097 2595 eo
1113 2516 1313 2605 consilinm
1331 2538 1516 2615 cogeretur
1531 2516 1610 2597 Rex
1633 2524 1746 2597 Gran.

541 2621 698 2693 atilanum
714 2641 895 2693 amovere:
921 2619 1076 2693 sciebant
1101 2620 1193 2689 enirn
1219 2634 1261 2690 eo
1283 2615 1441 2711 presente
1464 2618 1553 2689 nihil
1570 2618 1735 2695 intentari

366 2736 492 2797 amedu
543 2712 658 2811 polle,
698 2718 796 2811 quod
814 2716 1012 2809 vigilantia,
1037 2736 1078 2787 ac
1102 2711 1289 2809 prudentia
1317 2712 1389 2805 ejus
1423 2712 1461 2784 in
1489 2712 1634 2787 nihilum
1662 2738 1734 2789 non

366 2813 511 2965 qufputd
544 2814 778 2906 redigeretur,
803 2834 952 2906 quorum
975 2814 1125 2884 duorum
1150 2829 1268 2882 utrum
1292 2811 1426 2896 vetius,
1452 2810 1527 2882 aliis
1552 2810 1736 2885 discutien-

367 2897 467 3029 3'2‘3‘
545 2909 628 2980 dum
645 2908 817 2999 relinquo.
865 2906 953 2979 Hoc
979 2926 1093 2981 tamen
1116 2924 1248 2978 certum
1272 2904 1338 2989 est,
1364 2900 1442 2977 odii
1462 2903 1612 2981 frustum
1632 2910 1737 2981 Gran·

367 2987 394 3105 :t
403 2988 505 3106 aaz&
548 3002 665 3076 aeliani
687 3000 895 3097 ejesiionem
907 3002 1073 3087 extitisse,
1088 3024 1168 3096 quae
1187 3020 1281 3074 tanta
1297 3020 1370 3072 arte
1382 3000 1522 3074 obtenta
1534 3002 1735 3085 est,utnon

361 3123 444 3202 sm,
459 3122 513 3199 tp,
547 3096 722 3179 immerito
756 3100 960 3193 ampliorem
989 3117 1160 3172 mereatur
1186 3097 1473 3185 declarationem,
1504 3095 1561 3170 sed
1584 3096 1666 3170 'cum
1692 3099 1734 3174 fit

369 3218 476 3264 entre
546 3214 680 3269 tantum
695 3187 802 3267 nostri
820 3194 988 3279 instituti,
1013 3196 1133 3290 paucis
1151 3193 1328 3287 praeterita
1344 3194 1571 3287 attingendo,
1587 3196 1631 3267 ad
1646 3218 1737 3291 prae-
1774 3227 1784 3243 ν

303 3310 309 3322 ’
370 3286 444 3379 '³¹5¹'
458 3282 502 3341 Μ·
545 3288 676 3365 sentem
693 3286 912 3386 Reipublicae
933 3288 1056 3363 statum
1073 3288 1225 3363 animum
1242 3291 1478 3383 calamumque
1494 3292 1738 3385 dirigerc,hoc

359 3358 477 3511 Jfffmsf
547 3410 619 3462 uuo
637 3388 815 3462 materiam
833 3388 925 3459 hanc
950 3384 1148 3460 absolvam:
1174 3386 1315 3459 tandem
1346 3386 1481 3481 Regem
1503 3387 1547 3459 ed
1567 3385 1626 3482 spe
1641 3390 1739 3481 quic·

421 3458 477 3503 um.
545 3482 613 3564 tis,
637 3502 679 3556 ac
701 3482 895 3559 necesitate
920 3482 1133 3569 adduiium,
1159 3502 1199 3554 ut
1217 3478 1493 3554 Granvellanum
1523 3483 1740 3556 mandaverit

398 3569 503 3655 1564
546 3573 672 3672 Belgio
694 3580 875 3655 excedere.
895 3628 900 3635 .
922 3578 1045 3653 Paruit
1068 3582 1126 3655 ille
1139 3627 1152 3665 ,
1177 3576 1389 3671 discelsrtque
1416 3600 1507 3652 auno
1531 3576 1736 3677 sexagesimo

414 3738 418 3744 .
495 3745 500 3753 ,
546 3692 672 3771 quarto
689 3667 803 3751 mense
819 3673 966 3751 Martio,
1425 3689 1429 3697 '

564 3796 568 3802 ⁴
587 3764 701 3843 .v11.
733 3766 804 3845 Sed
822 3763 912 3844 nihil
927 3771 1000 3844 hoc
1025 3764 1210 3865 Belgarum
1231 3767 1425 3843 imminenti
1443 3768 1633 3845 infortunio
1656 3794 1738 3868 pro·

548 3864 637 3940 suit·
659 3864 787 3943 accidit
803 3868 914 3950 euim,
940 3867 993 3941 uti
1014 3863 1102 3941 solet
1117 3868 1179 3949 iis,
1204 3868 1267 3962 qul
1294 3868 1338 3939 ad
1357 3868 1498 3965 aliquod
1529 3863 1663 3943 facinus
1684 3890 1740 3943 ac-

461 3968 464 3976 '
523 3918 639 4035 'censi
656 3960 830 4058 prosperis
859 3958 1134 4061 quibuscumque
1163 3962 1284 4061 maj0ti
1307 3965 1542 4041 incenduntur
1571 3965 1740 4055 audacia,

548 4056 641 4131 unde
675 4061 822 4133 maxima
858 4060 994 4154 Philippi
1019 4060 1190 4147 bonitas,
1231 4082 1300 4153 qua
1323 4058 1462 4133 cadenti
1492 4082 1607 4136 return
1635 4056 1739 4134 statui

377 4228 448 4288 1‘·
546 4136 723 4229 subveniri
747 4152 843 4251 poll'e
866 4155 1100 4249 speraverat,
1136 4157 1180 4229 ad
1211 4156 1412 4232 celeriorem
1437 4148 1600 4233 insaniam
1625 4159 1740 4230 omnia
1774 4158 1778 4167 '

394 4244 493 4325 nomn
547 4250 745 4344 provexit:
795 4250 922 4323 exinde
943 4252 1037 4324 enim
1061 4250 1239 4337 uberior,
1276 4250 1314 4328 dt
1345 4252 1500 4349 apartinr
1535 4254 1650 4327 oninla'
1677 4254 1739 4348 'agi

376 4310 493 4446 m*
547 4366 664 4444 coepta
688 4344 782 4443 apud
805 4344 984 4436 Nobiles,
1010 4350 1104 4445 apud
1127 4351 1326 4447 populum,
1352 4353 1624 4426 donectandem
1647 4349 1740 4422 sexta

1639 4448 1741 4541 Apri-
