3984 5167
428 389 433 402 ⁸
525 477 608 617 ran
667 473 703 588 J.
730 467 778 564 u.
806 487 872 562 nr
915 411 1170 564 cussus
1213 459 1612 562 count-uun.-

380 687 485 768 1572.
525 675 584 750 via
606 669 815 758 acceiiibilo‚
839 685 1057 764 oppugnare.
1080 659 1182 736 Nihil
1199 658 1272 758 (ut
1286 680 1390 738 antea
1405 657 1563 753 dorm)
1582 661 1727 738 omnino

526 767 659 847 necesse
674 788 748 844 erat
764 791 807 841 eo
825 765 944 862 potiri.
1473 798 1478 808 ·
1579 830 1582 837 .
1630 797 1635 806 ·

539 871 544 878 “
576 863 703 941 Xbe.
754 863 876 960 Itaque
913 860 1098 934 fredericus
1127 877 1260 954 pancos
1285 853 1540 930 Amsterodami
1572 874 1728 932 moratus

530 966 627 1048 dies,
652 959 697 1035 ad
717 959 876 1038 Domum
899 962 1004 1054 (quae
1020 957 1069 1028 ibi
1084 958 1135 1027 brt
1151 956 1228 1049 bupr
1245 968 1294 1026 ter
1315 956 1384 1030 bort
1409 955 1430 995 ¹*
1452 954 1619 1050 vocatur)
1637 956 1728 1029 inter

531 1059 810 1155 Spurcndomr'anr,
837 1055 875 1130 δι
894 1051 1193 1128 Amsterodamum
1208 1050 1321 1124 media
1343 1052 1380 1124 in
1399 1050 1460 1125 vid
1484 1073 1565 1126 cum
1583 1053 1729 1146 legioni-

528 1161 597 1236 bus
615 1153 816 1253 Hispanicis
839 1151 1012 1250 consedit,
1038 1168 1276 1243 quantumque
1298 1149 1418 1242 potuit
1443 1150 1563 1244 copiae
1583 1146 1731 1242 Sparen·

528 1255 649 1329 damio
669 1273 781 1348 appro
809 1251 950 1345 inquare
967 1246 1070 1342 J‘uffit.
1095 1242 1183 1320 Erat
1200 1243 1314 1338 Pagus
1330 1245 1376 1319 ad
1386 1247 1502 1318 levam
1516 1244 1609 1318 haud
1621 1245 1730 1341 longe

533 1349 758 1445 Spurrndamin
774 1275 1074 1439 sistendindcque
1092 1341 1227 1438 aliquot
1240 1343 1384 1429 domus,
1407 1363 1489 1438 quae
1505 1337 1602 1438 qnasi
1616 1342 1731 1436 ripam

533 1445 687 1522 fluminis
703 1444 930 1539 attingebant,
943 1441 986 1513 ad
1006 1461 1093 1535 quas
1108 1460 1172 1534 per
1188 1438 1323 1534 peritos
1338 1438 1411 1533 ejus
1425 1437 1553 1512 crassus
1571 1439 1731 1514 hominen

532 1543 655 1618 favore
662 1563 825 1639 aggerum
841 1533 1446 1628 mediterraneorum,quibusinlocis
1453 1534 1623 1631 aquaticis
1630 1557 1734 1612 utun·

534 1661 594 1718 tur
605 1638 836 1712 nofredustus
846 1637 996 1711 Romans
1003 1634 1218 1729 opportunis
1229 1631 1266 1703 in
1281 1632 1369 1706 locis
1389 1633 1515 1708 milites
1533 1632 1733 1722 constituit,

537 1761 581 1813 eo
598 1733 760 1820 confilio,
786 1753 824 1806 ur
844 1733 983 1807 occulte
1009 1731 1277 1811 immanentes,
1300 1729 1584 1812 commoditates,
1608 1753 1652 1804 ac
1674 1752 1734 1805 on·

539 1831 693 1908 casones
702 1831 753 1902 rei
767 1830 854 1915 bene
870 1825 1033 1924 gerendae
1047 1823 1368 1921 explorarenr‚fore
1383 1823 1524 1921 sperans
1535 1822 1737 1901 illucescen-

539 1951 576 2005 te
599 1931 655 2003 die
684 1949 754 1999 non
780 1926 890 2000 nullas
913 1923 1070 1996 oblatum
1097 1924 1163 2009 iri,
1185 1921 1313 2017 quibus
1339 1923 1484 1998 ulterius
1506 1925 1673 2018 progredi
1694 1924 1736 1996 li·

540 2049 648 2100 ceret.
697 2022 781 2096 Nec
801 2045 881 2094 eum
899 2019 1029 2097 tefeuir-
1048 2019 1192 2114 opini03
1212 2016 1293 2092 cium
1309 2019 1400 2091 enim
1414 2043 1458 2096 ex
1472 2019 1660 2095 Harlemio
1673 2019 1736 2094 dn·

540 2125 655 2206 centi,
681 2127 741 2193 aut
768 2120 847 2212 plus
883 2119 1017 2211 pedites
1052 2138 1118 2210 per
1143 2115 1286 2186 alteram
1313 2133 1448 2209 partem
1472 2113 1627 2192 fluminis
1657 2117 1738 2212 Spa·

540 2219 735 2292 rendomianr
759 2215 961 2297 tenderent,
987 2209 1135 2307 Hispani
1161 2211 1266 2305 pauci
1289 2232 1336 2284 ex
1363 2209 1495 2287 insidiis
1515 2214 1553 2286 in
1577 2233 1736 2310 apertum

540 2310 577 2388 se
597 2297 745 2402 dedere,
771 2331 810 2382 ut
837 2311 922 2405 quid
943 2310 1111 2382 inanimo
1128 2307 1315 2390 haberent,
1340 2308 1601 2404 cognoscerent.
1665 2309 1739 2384 uod

542 2409 642 2484 fimul
661 2431 764 2505 atque
782 2406 826 2482 ab
845 2409 914 2482 iilis
930 2402 1223 2494 animadversum,
1248 2401 1430 2479 confestim
1451 2407 1578 2480 itinere
1593 2408 1657 2480 ccii
1693 2430 1739 2491 o,

546 2509 591 2582 ad
616 2507 720 2580 hosce
743 2505 959 2578 invadendos
990 2503 1227 2587 advolarunt,
1259 2498 1370 2577 fluvio
1397 2527 1441 2576 ue
1464 2504 1653 2598 congelato
1672 2499 1742 2578 sese

545 2602 775 2690 commisere,
801 2602 894 2674 unde
917 2597 1088 2697 Hispani,
1107 2600 1176 2694 qui
1190 2600 1344 2692 alioquin
1371 2528 1483 2674 fluvio
1499 2601 1639 2674 minime
1654 2595 1741 2675 fide·

546 2700 656 2786 bant,
681 2699 726 2773 de
744 2699 915 2792 potestate
935 2693 1133 2772 transeundi
1156 2696 1321 2769 certiores
1347 2691 1452 2784 fusti,
1475 2698 1573 2770 illico
1595 2693 1743 2774 adfuere

546 2819 687 2908 omnes,
712 2795 912 2914 hostemque
927 2793 1154 2904 repelicntes,
1179 2791 1327 2864 fluvium
1347 2783 1572 2888 superarunt,
1592 2815 1634 2868 ac
1648 2795 1745 2866 nulia

548 2890 751 3075 diets?
769 2887 1054 3094 diffindi?
1070 2887 1745 3080 ’susbsistu'usd‘sffls

552 3084 711 3158 Ludoor‘co
732 3083 921 3174 Corooagsr'o
946 3080 1107 3176 Hispano
1124 3078 1297 3154 Praefeeto
1321 3081 1400 3155 viro
1420 3079 1531 3166 sorti,
1555 3105 1596 3158 ac
1620 3080 1744 3156 illustri

548 3180 840 3278 Sparendamiunr
859 3199 995 3272 atergo
1018 3177 1252 3252 invadendum
1276 3175 1362 3251 'uisu
1378 3181 1510 3254 Rornrrr'
1521 3181 1746 3290 peristeram

549 3279 660 3373 ,tique
677 3278 806 3350 virture
823 3275 859 3348 in
874 3296 919 3348 eo
936 3273 984 3346 usu
1004 3269 1102 3358 sunt,
1128 3293 1167 3347 ut
1186 3201 1432 3368 praesidiarium
1457 3277 1602 3352 militem
1626 3299 1748 3374 repen·

554 3379 657 3462 rino,
681 3397 723 3446 ac
747 3373 941 3466 incogitato
964 3366 1065 3459 casu,
1089 3371 1329 3466 perterritum,
1355 3369 1475 3446 favore
1501 3374 1654 3468 glaciei,
1681 3397 1747 3470 per

553 3493 658 3568 quam
676 3469 816 3544 salutem
836 3489 989 3563 quaerere
1011 3463 1191 3562 sperabat,
1214 3465 1316 3540 facile
1336 3465 1527 3564 fugantes,
1550 3468 1749 3566 Sparenda·

555 3569 628 3652 anio
651 3564 778 3658 absque
795 3566 866 3638 uuo
883 3565 979 3640 caede
992 3561 1118 3660 insigni
1133 3563 1315 3639 foelicitate
1329 3567 1437 3660 potiti
1452 3564 1532 3640 sunt
1549 3607 1572 3651 ,·
1593 3565 1669 3642 solo
1689 3568 1750 3662 Jo-

553 3687 638 3740 annr
653 3663 691 3734 de
710 3661 834 3733 Yaorro
857 3658 974 3734 amisso
993 3662 1150 3755 quidum
1167 3662 1259 3735 inter
1286 3663 1419 3757 primos
1441 3662 1609 3739 militibus
1627 3663 1751 3738 Harle-

556 3756 729 3836 menstbus
744 3757 883 3832 strenue
899 3755 933 3830 se
949 3758 1114 3852 opponit,
1126 3755 1145 3829 ὲ
1159 3757 1306 3852 quadarn
1321 3755 1480 3855 fugiente
1493 3759 1566 3834 selo
1593 3761 1751 3836 etoibius

557 3859 671 3952 periit.
721 3853 779 3974 lix
797 3853 952 3965 hostibus
973 3857 1113 3967 circiter
1126 3875 1267 3965 centum
1281 3853 1390 3939 coefi,
1414 3860 1533 3968 ceteri
1574 3881 1641 3954 oga
1657 3883 1755 3970 mor·
1894 3933 1896 3956 ,

554 3974 628 4025 rern
645 3949 791 4028 evasere.
844 3949 1006 4050 Conrrgrt
1022 3953 1093 4026 hoc
1108 3951 1245 4026 decumo
1264 3949 1473 4032 Decembris
1498 3977 1591 4031 anno
1617 3953 1755 4032 millesi-
1894 3981 1896 4050 5

557 4070 618 4122 mo
636 4043 908 4146 quingentesrmo
924 4044 1173 4147 septuagcfimo
1187 4043 1351 4126 secundo.
1531 4106 1534 4112 -
1894 4053 1896 4086 ¹

1504 4145 1612 4232 JL.
1634 4147 1757 4225 Altera
1890 4143 1896 4218 ⁴.

601 4347 620 4396 i
640 4341 704 4414 Her
724 4343 852 4424 horror
871 4347 965 4417 Hert.
1004 4345 1160 4424 Borrius.
1180 4348 1242 4422 lib.
1256 4355 1289 4426 ό.
1306 4349 1369 4428 fol.
1386 4369 1460 4442 319.
1472 4349 1546 4427 vso.
1563 4353 1675 4426 sobe.
