3984 5167
524 200 528 203 .
897 190 902 193 ⁶
967 193 995 217 γ’
1065 154 1206 178 Ἦ,
1257 170 1389 230 μ’ῇ.
1846 161 1848 163 Ι

113 226 352 286 '‘k-“⁴⁸2
394 228 399 242 ⁸
442 203 797 271 '‘ddssoe—--u-ss
824 220 898 256 ,η’-.-
959 220 1162 254 ...rb-ma*
1272 212 1330 247 ·¹e
1382 154 1884 434 -ῌἺ

167 570 175 589 Ι

560 503 643 607 328
704 494 736 605 J.
767 456 813 583 n
841 514 916 581 nr
949 420 1199 581 Tussis
1237 476 1630 581 COMMENT.

413 699 516 795 1578·
558 710 644 763 vero
668 685 805 760 inscribi
820 680 999 757 Ordinum
1017 681 1150 755 militiae
1168 674 1335 753 maluere.
1361 672 1547 787 Binphium
1569 680 1756 795 eriamjam

502 804 506 809 .
559 782 726 860 obsessum
741 779 1022 877 oppugnabatur.
1039 772 1253 867 Quassarunt
1267 778 1337 849 hoc
1352 772 1525 871 opptdum
1533 775 1755 873 Gallt'prrmo

559 903 622 979 per
639 876 750 952 ‘tomm
771 878 917 952 biduum
945 874 1126 949 decem&
1150 892 1300 968 quatuor
1325 871 1531 959 tormentis,
1558 896 1601 945 ac
1623 876 1755 952 irruere

586 974 637 1049 ost
654 974 742 1047 muri
758 970 1058 1047 labesadiationem
1078 973 1115 1041 vi
1132 984 1317 1041 tentarunt.
1351 964 1418 1039 Sed
1440 966 1584 1039 Didacus
1598 970 1756 1046 eraonu

558 1002 750 1145 ssraefeetus
777 1062 960 1163 Hispanus
980 1066 1092 1137 multo
1117 1062 1271 1137 hostibus
1293 1062 1392 1137 illato
1407 1058 1578 1151 ¹damno,
1619 1064 1758 1143 fortiter

560 1166 694 1241 restitit.
719 1162 948 1237 Transtulere
966 1162 1085 1254 postea
1104 1160 1147 1231 ad
1159 1160 1262 1232 allam
1277 1158 1404 1255 oppidi
1413 1177 1547 1252 partem
1559 1179 1756 1255 tormenta,

558 1266 774 1359 diruptoque
801 1282 922 1344 muro,
949 1260 1065 1330 denuo
1090 1257 1319 1351 irruptionem
1341 1274 1538 1343 tentarunt,
1562 1252 1622 1331 sed
1651 1260 1756 1333 etiam

559 1360 629 1434 stne
651 1351 810 1433 successu.
835 1354 998 1429 Tandem
1019 1352 1149 1439 tertio,
1173 1372 1255 1425 tum
1273 1354 1388 1429 denuo
1404 1348 1623 1445 quatlillent,
1638 1378 1693 1429 res
1710 1379 1755 1430 eo
1882 1398 1884 1413 =

561 1453 710 1531 dedusla
726 1450 796 1539 est,
815 1471 855 1525 ut
871 1451 915 1524 de
931 1448 1111 1524 deditione
1126 1468 1297 1543 ageretur.
1323 1444 1408 1535 Qua
1418 1446 1461 1521 de
1477 1446 1576 1521 causa
1594 1472 1674 1523 cum
1682 1453 1755 1547 jam

532 1580 537 1586 ·
560 1548 724 1625 Praefeui
737 1552 872 1644 aliquot
894 1570 939 1619 ex
958 1542 1093 1639 obsessis
1113 1546 1149 1617 in
1168 1542 1282 1620 ,castra
1301 1542 1489 1617 Gallorum
1515 1542 1641 1632 essent,
1664 1551 1757 1623 arci·
1883 1584 1884 1635 ς

560 1650 632 1728 dit,
643 1668 683 1719 ut
697 1666 881 1739 antequam
897 1646 941 1716 de
954 1640 1216 1717 conditionibus
1234 1640 1419 1714 deditionis
1430 1660 1645 1715 conventum
1654 1642 1755 1737 esset,

561 1743 708 1827 milites,
731 1742 791 1834 qui
816 1739 901 1811 foris
927 1757 1054 1826 erant,
1090 1736 1259 1833 paulatim
1283 1758 1384 1811 muro
1408 1736 1754 1833 appropinquarent:
1882 1738 1884 1753 ’

562 1860 712 1932 cumque
744 1835 812 1930 (ut
835 1834 1036 1931 frequenter
1065 1834 1102 1905 in
1126 1832 1324 1928 hujusmodl
1344 1830 1421 1905 casu
1451 1834 1608 1907 accidere
1637 1833 1750 1928 solet)
1883 1930 1884 1933 Ἴ

562 1930 769 2007 invenissent
786 1931 1018 2025 negligentem
1037 1929 1086 2001 ibi
1101 1928 1316 2017 custodiam,
1339 1928 1431 2001 inter
1451 1928 1581 2003 bellum
1601 1983 1610 2019 ,
1635 1929 1673 2003 δι
1690 1956 1754 2029 pa·
1883 1936 1884 2021 j

563 2054 641 2103 cern
668 2034 734 2118 (nt
753 2028 823 2099 dici
837 2024 1063 2111 consuetum)
1088 2026 1229 2101 civitate
1245 2026 1351 2121 potiti
1366 2020 1444 2097 sunt
1455 2046 1648 2122 magnaque
1661 2024 1752 2102 faita

459 2190 463 2197 .
563 2128 680 2209 caede,
706 2125 744 2198 dt
763 2123 898 2217 praeda,
924 2118 1036 2215 ipsum
1048 2120 1151 2195 etiam
1170 2124 1322 2218 phanum
1339 2120 1572 2215 expoliatum.
1600 2120 1691 2198 Usus
1703 2124 1752 2199 est
1882 2148 1884 2167 ¹

562 2224 644 2295 Dur
658 2215 889 2313 andegavenfis
906 2241 990 2313 erga
1003 2217 1183 2311 captivum
1202 2214 1407 2291 Praeseslum
1423 2216 1548 2311 magni
1564 2221 1752 2297 admodum
1883 2282 1884 2299 r

417 2391 421 2398 ,
562 2317 797 2403 humanitate,
820 2318 916 2387 dono
933 2315 984 2387 illi
1008 2311 1091 2385 dato
1114 2312 1278 2409 praetioso
1302 2311 1508 2387 vestimento
1530 2336 1575 2387 ex
1602 2311 1691 2402 suis,
1714 2338 1751 2391 ut

561 2415 671 2485 libere
698 2413 743 2499 ad
776 2410 854 2484 suos
883 2428 1144 2499 reverteretur,
1178 2407 1276 2505 regii
1301 2406 1462 2503 permisit.
1501 2408 1645 2505 Boffuiut
1675 2414 1750 2509 post

562 2524 698 2603 captam
720 2507 894 2581 Nivrllam
920 2507 964 2579 ad
985 2508 1118 2579 vicinas
1148 2502 1300 2579 Binchio
1323 2505 1474 2579 ditiones
1491 2528 1571 2579 cum
1596 2512 1750 2585 exercitu

559 2628 722 2689 venerat,
748 2625 788 2679 ut
803 2600 849 2676 stc
866 2623 992 2696 prater
1006 2624 1142 2677 ornnem
1160 2602 1267 2696 Regii
1283 2602 1456 2676 exercitus
1480 2602 1751 2681 molestationem

559 2699 733 2775 obsidioni
751 2700 819 2773 suae
835 2696 931 2771 Galli
946 2700 1090 2774 liberius
1106 2720 1230 2773 vacare
1244 2694 1391 2792 pollent.
1417 2700 1580 2773 Contulit
1598 2697 1749 2776 seseeatn

511 2821 515 2829 ’
559 2796 596 2867 in
612 2816 744 2889 partem
760 2798 870 2870 ma'or
886 2800 967 2889 pars
983 2795 1164 2889 copiamm
1182 2842 1195 2877 ,
1224 2814 1309 2889 quas
1337 2790 1505 2886 cassntrus
1535 2794 1746 2882 ddduxerat,

560 2892 637 2984 ipso
653 2892 783 2967 interea
799 2818 965 2965 dardani
981 2909 1150 2963 manente.
1184 2888 1282 2963 Galli
1298 2910 1383 2963 vero
1408 2890 1486 2985 poll
1508 2912 1649 2987 captum
1669 2892 1747 2967 Bin-

561 2988 704 3075 chium,
728 2985 891 3081 praelidio
906 2987 993 3059 illud
1010 2985 1206 3059 munierunt
1225 3039 1240 3089 Ι,
1273 2984 1454 3079 multisque
1473 2986 1595 3083 postea
1609 2987 1747 3079 diebus,

561 3082 678 3155 suisio
694 3084 894 3157 stationibus
906 3083 1016 3177 quieti
1033 3104 1154 3157 omnes
1165 3080 1414 3173 consederunt,
1426 3081 1513 3157 nihil
1523 3084 1746 3182 aliud,quanr

560 3180 696 3253 vicinos
711 3182 1106 3275 circumquaqneagros
1129 3180 1389 3275 depredantes,
1421 3202 1462 3253 ac
1479 3179 1675 3257 vastantes:
1698 3186 1747 3256 vi·

558 3275 703 3370 sumque
721 3276 805 3351 tun'c
822 3278 940 3349 trimm
966 3275 1053 3355 illud
1072 3276 1319 3371 proverbium,
1343 3276 1440 3372 quod
1465 3273 1552 3349 enfis
1577 3276 1693 3351 ensem
1712 3280 1746 3351 in

561 3374 689 3467 vaginai
706 3373 890 3449 contineat.
917 3371 1098 3467 Vigilabat
1114 3374 1212 3447 miles
1236 3373 1349 3467 regius
1368 3373 1405 3442 in
1421 3368 1570 3465 Bougio.
1603 3372 1639 3445 Si
1663 3372 1747 3471 quid

564 3462 740 3551 Ordines,
764 3492 823 3545 aut
843 3466 941 3542 Galli
953 3470 1095 3542 ulterius
1113 3486 1249 3541 tentare
1268 3464 1474 3554 voluissent,
1492 3468 1527 3541 id
1544 3468 1659 3561 jamin
1670 3474 1747 3546 locs

464 3596 472 3607 ¹
519 3640 523 3647 ,
563 3587 633 3637 non
654 3568 781 3639 debilia
794 3584 867 3639 erat
887 3566 1157 3660 experiendum,
1183 3562 1442 3659 debuissentque
1470 3562 1607 3637 Mosam
1631 3564 1749 3641 versos

561 3684 728 3757 vergere,
754 3658 816 3735 ubi
833 3682 874 3738 ea
891 3660 1125 3735 benemunita
1141 3656 1364 3743 invenissent,
1392 3656 1432 3733 dt
1452 3681 1601 3756 quorum
1616 3658 1749 3738 obfidio

562 3760 609 3831 ob
627 3781 697 3831 non
713 3755 957 3833 contemnendi
975 3756 1080 3831 hostis
1095 3755 1331 3845 vicinitatem,
1350 3754 1441 3831 foret
1462 3756 1745 3851 periculosrllima

561 3854 753 3929 inclinabat
773 3876 944 3949 praeterea
967 3873 1181 3937 autumnus,
1204 3873 1345 3949 eratque
1370 3854 1481 3927 hiems
1498 3858 1573 3947 pris
1598 3852 1744 3939 foribus,

560 3950 682 4047 Itaque
708 3954 847 4025 tandem
871 3949 1038 4023 derelidlo
1065 3948 1240 4047 ulterioris
1264 3947 1446 4023 invasionis
1475 3950 1677 4044 proposito,
1703 3954 1744 4027 ad

561 4048 719 4137 hyberna
736 4050 869 4121 animus
884 4044 1011 4121 versus.
1038 4043 1136 4119 Galli
1150 4064 1215 4139 per
1234 4046 1367 4139 aliquot
1385 4066 1522 4137 tempus
1537 4046 1746 4137 uinculum,

532 4136 601 4229 J&
615 4142 822 4236 Hauteyum
840 4140 995 4217 tenuere.
1033 4141 1104 4215 Sed
1122 4142 1242 4236 postea
1258 4139 1352 4215 vasta
1368 4142 1427 4219 illa
1447 4140 1508 4233 spe
1523 4143 1626 4239 plura
1644 4169 1746 4221 occu·

560 4238 686 4328 pandi,
713 4262 792 4330 quae
809 4243 889 4311 illos
915 4240 960 4312 ed
982 4258 1188 4321 attraxerat,
1217 4236 1356 4331 prorsus
1379 4234 1505 4321 delos,
1531 4242 1673 4314 donum
1697 4264 1748 4314 re-

557 4330 646 4408 versi
662 4332 752 4409 sunt.
780 4332 945 4427 Cafimirut
969 4336 1074 4415 etiam
1098 4336 1135 4409 in
1159 4334 1324 4432 Angliatn
1350 4334 1543 4433 trajiciens,
1563 4340 1751 4417 liberalita-

1682 4453 1749 4508 tem
1879 4490 1880 4523 q
