3984 5167
357 516 656 613 uruuu
712 514 1232 616 suuntuus.
1316 554 1434 666 ¹499
1536 512 1540 519 “

229 736 373 815 ternpus
390 714 513 791 urendi
534 710 584 789 est
607 712 653 788 ab
680 712 781 787 initio
805 711 896 811 Maji
921 712 967 785 ad
994 710 1100 786 finem
1126 711 1235 810 usquo
1261 719 1430 819 Augusti,
1472 740 1575 828 1589·

232 816 342 909 iisque
363 812 535 888 nrenfibus
554 834 699 907 magnus
718 808 768 883 est
784 811 833 901 ibi
855 809 1068 886 diversatum
1086 815 1266 887 nationum
1285 841 1431 898 concur·

229 910 294 985 sus.
332 909 467 985 Utendi
484 910 608 985 modus
625 911 685 984 hic
705 908 763 983 est„
787 908 895 983 'Ante
921 930 1041 981 catum
1067 906 1167 983 usum
1189 932 1429 1008 praeparantur

229 1005 353 1081 affecta
372 1028 530 1103 ¹corpora
552 1004 847 1103 purgationibus,
874 1002 1001 1077 deinde
1021 1012 1106 1079 eunt
1132 1008 1292 1102 quotidie
1314 1012 1428 1105 prima

228 1104 297 1179 diei
326 1106 407 1179 luce
435 1106 549 1200 egroti
579 1105 739 1197 pedites,
766 1099 789 1173 st
817 1100 952 1197 poliant.
967 1100 1043 1177 fere
1073 1126 1194 1177 omnes
1216 1107 1267 1179 ad
1291 1106 1425 1185 fontem

229 1203 402 1291 nemoris,
429 1204 490 1275 ubi
508 1205 613 1273 motis
630 1198 679 1271 est
697 1196 808 1273 adelle
828 1199 1066 1287 mulierculae,
1085 1222 1166 1273 cum
1178 1201 1266 1276 vasis
1283 1203 1428 1294 vitreis,

228 1295 309 1386 sex,
334 1296 465 1393 septem
479 1296 601 1385 milo,
628 1316 777 1376 novem,
791 1316 832 1366 ac
854 1295 975 1367 decem
989 1298 1193 1384 unciarum,
1208 1294 1247 1371 dt
1264 1304 1424 1396 amplius.

227 1393 356 1467 Adfert
379 1392 494 1467 secum
511 1412 662 1487 aegrotus
692 1390 885 1483 capsulam,
915 1412 995 1463 cum
1016 1387 1157 1475 sacham
1176 1397 1323 1471 condito
1344 1422 1424 1473 cum

226 1488 342 1573 anilo,
368 1490 405 1565 dt
421 1488 626 1573 coriandro,
645 1489 734 1583 petit
752 1488 796 1559 ab
813 1488 879 1558 illis
891 1488 1104 1560 mulierculis
1118 1486 1296 1565 vasculum
1321 1494 1423 1588 eiua,

224 1608 329 1683 quam
345 1588 425 1658 vult
440 1584 709 1681 magnitudinis,
732 1585 981 1677 impletumque
991 1583 1114 1667 ebibit,
1128 1584 1309 1683 statimque
1322 1587 1424 1664 sumit
1577 1626 1581 1630 ·

224 1684 441 1775 aliquantum
473 1682 559 1755 diui
579 1679 730 1767 sachari,
755 1682 885 1773 datque
902 1676 935 1753 se
954 1680 1001 1752 ad
1015 1680 1344 1767 deambulationem,
1353 1688 1423 1780 qui

224 1779 401 1873 digeretur
420 1800 536 1873 aqua,
563 1778 599 1851 &
620 1779 791 1849 excitatur
812 1776 921 1849 urinae
939 1772 1076 1871 ejedlio.
1109 1773 1361 1854 Deinde'redit
1375 1786 1421 1857 ad
1564 1790 1568 1798 '

223 1872 411 1947 secundum
431 1873 613 1959 baustum,
637 1892 741 1969 atque
758 1871 805 1947 stc
819 1870 958 1945 vicilfim
970 1873 1015 1943 ad
1025 1873 1134 1957 alios,
1150 1875 1264 1951 donec
1273 1878 1422 1953 ebiberit

222 1990 298 2042 eam
312 1970 540 2063 quantitatem
554 1970 753 2053 unciarum,
778 1990 882 2063 quarn
896 1967 1064 2041 Medicus
1078 1968 1343 2067 praescripserit,
1356 1998 1417 2052 aut

221 2086 288 2161 pet
306 2064 340 2139 se
358 2064 421 2137 sibi
434 2068 623 2141 convenire
640 2066 815 2159 intelligit.
835 2060 911 2153 Qui
929 2064 1026 2137 bono
1040 2068 1211 2140 methodo
1226 2072 1280 2141 uti
1291 2074 1418 2145 volunt

222 2182 370 2255 aparva
396 2161 555 2235 mensuri
579 2164 773 2259 incipiunt,
807 2156 986 2254 indielque
1023 2164 1205 2256 potionem
1238 2164 1418 2263 adaugent

219 2255 329 2353 usque
348 2261 392 2331 ad
407 2259 586 2331 dimidium
608 2258 791 2355 temporis,
817 2278 948 2351 quoeo
966 2274 1055 2351 potu
1069 2260 1121 2332 uti
1133 2260 1342 2352 statuerint,
1356 2268 1418 2358 qni

221 2354 300 2427 aliis
321 2352 371 2430 est
401 2356 543 2449 triginta
564 2354 728 2438 dierum,
753 2353 828 2424 aliia
845 2349 902 2424 sex
919 2353 1236 2437 bebdomtnadum,
1259 2363 1418 2435 autduo·

221 2472 299 2525 tum
319 2447 504 2536 menium,
529 2450 602 2523 irno
618 2448 845 2541 &aliquibus
862 2447 976 2519 trium.
1014 2445 1065 2521 Et
1082 2450 1233 2525 emedio
1254 2453 1315 2528 illo
1332 2476 1418 2529 tem·

220 2566 312 2641 pore
329 2544 438 2641 usque
456 2548 500 2618 ad
520 2544 644 2630 linem,
670 2544 793 2639 aequali
804 2560 950 2635 utuntur
967 2544 1213 2628 dimunitione,
1225 2548 1263 2621 dt
1278 2550 1417 2644 quidam

220 2639 361 2741 sumunt
376 2640 482 2735 usque
501 2644 545 2714 ad
560 2642 679 2715 uncias
695 2659 857 2724 centum,
881 2640 938 2710 alii
967 2639 1011 2713 ad
1039 2660 1179 2714 uentum
1206 2640 1245 2713 dt
1269 2648 1419 2740 quadra.

223 2740 342 2833 ginta,
360 2737 417 2810 alii
429 2739 470 2809 ad
491 2736 678 2823 ducentas,
696 2735 854 2809 nonnulli
871 2737 975 2808 etiam
985 2733 1030 2809 ad
1040 2756 1213 2811 trecentas
1227 2738 1418 2815 secundum

220 2836 432 2917 utilitatem,
459 2851 565 2928 quam
589 2831 739 2905 sentiunt
757 2878 770 2915 ,
795 2848 855 2907 eut
875 2830 970 2927 spem
996 2832 1290 2921 convalescendi,
1311 2862 1416 2933 quarn

223 2926 287 3005 sibi
304 2950 520 3027 proponunt.
547 2928 791 3003 Exercitantur
809 2928 1087 3002 deambulatione
1100 2928 1237 3027 sumpti
1256 2936 1347 3030 aqui
1364 2933 1417 3007 ns-

156 3096 160 3107 ,
223 3049 294 3121 que
323 3028 370 3100 ad·
391 3027 597 3121 prandium,
622 3025 667 3099 ad
696 3026 792 3118 quod
814 3046 885 3097 non
908 3026 1104 3105 accedunt,
1132 3025 1248 3103 donec
1269 3035 1416 3103 eandem

221 3124 342 3196 saltem
359 3124 480 3219 majori
496 3144 540 3197 ex
562 3138 661 3217 parte
687 3122 860 3217 eiecerint.
900 3116 1031 3195 Nullus
1053 3122 1212 3197 ciborum
1240 3125 1416 3208 delectus,

149 3283 154 3295 .
225 3220 417 3293 dummodo
433 3218 498 3294 fint
514 3240 579 3292 nec
600 3219 736 3315 gravit,
762 3238 828 3291 nec
843 3218 1206 3302 duraecnncoiiionlr,
1222 3242 1336 3315 neque
1358 3220 1417 3292 esu

218 3316 330 3388 etiam
343 3310 493 3412 piscium
516 3312 706 3404 abstinent,
730 3310 902 3411 potusque
924 3314 975 3387 est
988 3318 1133 3401 vinum,
1151 3332 1211 3386 aut
1225 3312 1417 3402 cerevisia,

226 3432 287 3483 ant
306 3408 497 3507 utrumque
514 3416 558 3488 ad
584 3410 750 3507 cujusque
773 3410 938 3505 palatum.
972 3406 1088 3497 Quod
1111 3428 1193 3480 aute
1211 3413 1417 3503 prandium,
1534 3477 1544 3495 ,
1663 3397 1672 3417 ’

224 3504 370 3601 quisque
386 3508 567 3583 consuevit
587 3510 722 3595 bibere,
737 3506 827 3579 hora
841 3503 964 3601 quarti
980 3503 1222 3601 pomeridiana
1240 3507 1420 3581 dimidiam

225 3603 301 3714 ejus
320 3617 457 3697 partem
471 3606 622 3701 repetit,
648 3603 759 3699 idque
774 3619 846 3714 tant
870 3603 907 3673 in
925 3598 1122 3713 sumptione
1145 3623 1247 3698 aquae
1266 3625 1347 3699 quae
1368 3602 1419 3677 est
1493 3620 1496 3628 ’

223 3698 1422 3893 illuitlllld‘tl·tllifllqlllllttasutllulltlt
1559 3858 1562 3862 f

222 3890 259 3965 dt
275 3891 433 3967 sudorem
448 3890 509 3969 led
525 3895 675 3990 primum
694 3894 837 3989 aegrotis
864 3895 974 3989 magia
993 3890 1137 3988 prodest
1156 3944 1168 3977 ,
1191 3890 1345 3986 visaeque
1372 3890 1422 3965 ibi
1486 3939 1490 3958 ,
1522 3977 1524 3990 Ι

215 3990 458 4085 ¹saepenumero
474 4002 699 4085 magnarum,
723 3988 1072 4084 imodesperatarum
1100 3986 1422 4063 infirmitatnmcu·

219 4091 372 4163 rationes
383 4084 595 4186 stupenda,
607 4105 758 4185 quarum
773 4105 845 4162 non
860 4085 981 4162 infima
1005 4087 1134 4161 merito
1147 4087 1345 4161 narrabitur
1357 4110 1419 4173 ea,

220 4192 322 4277 quam
347 4188 416 4261 boc
441 4208 533 4261 anno
550 4188 699 4281 adeptus
723 4184 794 4259 fuit
809 4182 1014 4279 Parmrufis,
1038 4186 1101 4283 qui
1117 4206 1197 4258 cum
1213 4205 1259 4260 eo
1278 4181 1425 4261 venillet
1525 4237 1531 4243 ·

218 4279 535 4379 hydropicus'fetd
562 4286 709 4358 omnino
735 4282 966 4359 confirmatur
991 4296 1040 4359 ex
1063 4303 1084 4356 t
1107 4284 1287 4380 mpedite,
1310 4282 1351 4358 dt
1372 4283 1425 4353 in·

208 4370 281 4453 aar
301 4380 386 4453 utria
403 4380 494 4481 aqui
510 4382 641 4482 repleti
659 4378 830 4555 inflatusR,
852 4380 961 4455 trium
995 4398 1051 4459 me
1101 4398 1161 4457 um
1184 4377 1296 4481 spatio
1311 4380 1437 4549 ²de

838 4498 883 4553 rr
906 4499 931 4553 a
1371 4491 1426 4546 em
