3984 5167
482 375 580 568 ψ’
627 447 663 557 J.
691 441 738 532 n.
768 463 841 538 aa
872 435 1122 534 Tassts
1166 376 1584 536 conruunt.
1653 555 1662 562 ,

307 645 451 740 'um
489 643 558 720 suis
581 641 728 716 navibus
753 662 798 713 eo
827 637 966 712 rediere.
1016 630 1223 708 Fuit'car'us
1263 637 1322 708 hic
1346 635 1450 711 rebus
1475 637 1578 735 regiis
1597 640 1702 714 valde

491 739 730 838 periculosus:
757 733 835 808 cun
861 729 943 806 effer
964 733 1035 828 jam
1059 751 1244 828 occupata
1259 731 1448 826 Vlillrnga,
1474 732 1513 807 dt
1537 736 1649 818 Brila,
1675 737 1702 810 fi

492 833 673 914 Enchusro
689 831 827 925 insuper
847 830 1018 924 potiretur
1042 828 1221 914 Atrianus,
1249 849 1330 900 cum
1348 828 1486 903 demum
1505 835 1614 907 totius
1630 857 1703 907 ma·

495 941 542 1010 ris
567 933 749 1026 imperium
772 931 947 1021 adeptus,
972 925 1106 998 merito
1138 927 1317 996 timendus
1350 921 1469 1010 foret3
1496 931 1593 1023 quod
1618 951 1700 1002 cum

497 1031 576 1106 satis
596 1047 818 1120 compertum
836 1025 984 1096 haberet
1004 1025 1113 1092 Carnes
1126 1023 1163 1092 de
1183 1017 1300 1114 Btffu,
1327 1019 1458 1106 statim,
1476 1027 1539 1116 ubi
1550 1042 1595 1099 ex
1607 1026 1700 1099 hisce

496 1125 649 1200 motibus
666 1122 795 1196 certior
811 1117 896 1194 esset
913 1115 1050 1199 fadus,
1077 1119 1171 1188 nulla
1188 1113 1391 1209 interpofita
1410 1141 1511 1192 -mora
1526 1120 1700 1194 Amsiero·

486 1225 638 1308 ,damum
660 1217 863 1302 advolavit,
886 1211 1090 1305 vocatisque
1114 1211 1159 1284 ad
1187 1209 1221 1284 se
1247 1235 1291 1282 ex
1316 1209 1493 1288 undrufio
1509 1219 1700 1312 pnaecipuis

500 1321 654 1410 aliquot,
675 1339 761 1388 cum
784 1313 827 1384 iis
852 1315 895 1386 de
919 1307 1136 1382 sedandite
1164 1329 1267 1402 agere
1296 1310 1434 1400 coepit,
1466 1310 1528 1405 spe
1555 1315 1700 1407 quidem

500 1415 617 1498 bonit,
639 1413 735 1486 exito
753 1430 842 1482 vero
858 1406 1021 1502 pessima:
1047 1402 1219 1494 Quamvis
1241 1405 1334 1476 enim
1348 1401 1389 1476 ἃ
1406 1408 1442 1478 hi
1460 1410 1587 1516 aliique
1601 1421 1701 1482 ‘com-

501 1515 620 1608 plures
649 1510 751 1580 avitae
780 1504 981 1598 religionis,
996 1500 1098 1593 Regi
1117 1499 1247 1584 dediti,
1271 1498 1317 1570 ad
1335 1501 1406 1573 hoc
1423 1523 1604 1596 negotium
1626 1529 1700 1579 nou

504 1604 747 1680 tantummodo
765 1621 891 1693 operas
911 1595 988 1670 suas
1005 1597 1271 1690 promitterent,
1296 1593 1417 1667 verunt
1435 1602 1624 1689 otiamlnec
1654 1603 1700 1676 de

330 1692 445 1787 Rssbfs‘l
506 1697 656 1776 successu
671 1700 767 1771 bono
784 1695 1006 1776 dubitarent,
1028 1713 1111 1764 cunr
1132 1711 1252 1762 tamen
1280 1691 1324 1762 ed
1350 1697 1498 1768 ventum
1511 1694 1618 1784 esset,
1657 1717 1700 1771 nt

331 1849 442 1908 Mu,
506 1797 593 1893 quid
610 1789 744 1892 pollent
764 1794 1026 1886 experirentur,
1050 1792 1245 1884 appatuere
1267 1789 1450 1876 malevoli,
1473 1791 1512 1865 δι
1526 1814 1697 1878 numero,

324 1928 401 2004 soni.
505 1915 550 1966 'ac
566 1894 707 1965 audacia
725 1893 829 1982 longe
845 1886 1035 1982 superiores
1052 1935 1065 1971 ,
1090 1885 1152 1979 qui
1175 1885 1241 1956 illis
1268 1884 1306 1952 in
1322 1905 1492 1958 carcerem
1509 1887 1701 1983 coniedn's,¹

510 1986 681 2062 accersitis
700 2011 743 2058 ex
758 1983 853 2056 Brila
869 1979 1035 2056 militibus
1057 1982 1196 2054 Anniaca
1211 1977 1391 2052 civitatem
1406 1984 1592 2058 tradidere.

348 2109 452 2182 ¹572·
554 2083 664 2156 XXX.
690 2081 829 2153 Accidit
861 2083 930 2151 lroc
954 2077 1081 2150 eodem
1105 2098 1198 2147 anno
1231 2071 1484 2172 septuagesimo
1508 2079 1695 2171 secundo,

399 2193 406 2202 ‘
508 2178 673 2276 vigefimai
691 2175 839 2250 secunda
855 2174 969 2268 Maji,
994 2171 1105 2246 biduo
1128 2194 1199 2243 non
1218 2174 1366 2262 amplius
1383 2195 1567 2271 antequam
1591 2180 1697 2250 Ludo·

508 2280 600 2350 vicus
613 2271 765 2348 'Antiati
797 2268 905 2344 stater
927 2264 1024 2340 misso
1044 2269 1176 2351 Domino
1196 2267 1233 2337 dc
1255 2265 1381 2355 fana,
1406 2290 1445 2342 ut
1465 2294 1696 2347 :mutuaenu-

507 2371 623 2452 sensu,
647 2369 844 2462 auxilioque
867 2365 1097 2462 plurimorum
1117 2365 1248 2437 civium
1266 2361 1510 2446 Valentianam
1536 2391 1697 2465 caperet,

507 2467 704 2551 Montium,
728 2465 826 2559 quod
847 2463 901 2536 est
920 2460 1192 2547 munitissimum,
1217 2483 1259 2532 ac
1273 2463 1699 2556 praecipuumHannoniae

508 2565 707 2660 oppidum,
730 2563 851 2656 paucis
870 2559 1053 2634 comitatus
1068 2556 1242 2652 equitibus
1265 2557 1351 2630 mirlt
1370 2557 1549 2634 felicitate
1564 2562 1696 2636 summo

509 2684 609 2734 mane
639 2659 838 2752 occupavit.
885 2654 1019 2748 Egerat
1036 2653 1213 2724 Ladooicur
1230 2651 1290 2724 diu
1309 2675 1390 2727 ante
1412 2678 1491 2727 cum
1509 2653 1646 2752 Gaspuro
1661 2661 1700 2732 ds

510 2757 656 2848 soligny,
681 2753 896 2832 Admiralio,
921 2747 1170 2824 summoDuce
1189 2744 1499 2844 Hugonottorum,
1523 2755 1622 2848 cujus
1644 2779 1697 2826 at-

507 2849 623 2922 tificiis
640 2901 651 2936 ,
677 2853 713 2924 dt
730 2847 898 2920 auxiliis*
914 2845 1113 2920 Valentiani
1131 2839 1171 2915 dt
1191 2843 1326 2918 Montii
1344 2843 1491 2920 secretas
1512 2847 1695 2924 societates
1764 2911 1773 2920 .

507 2967 787 3042 preparaverat,
812 2946 847 3015 in
874 2942 1001 3015 finibus
1024 2941 1113 3014 verd
1142 2935 1271 3012 Gallia
1289 2944 1409 3037 copias
1436 2966 1574 3040 paratas
1590 2947 1695 3020 habc-

506 3043 593 3124 bat,
616 3063 699 3136 quae
716 3064 795 3112 cum
819 3041 974 3114 celeriter
991 3037 1144 3119 secutae,
1171 3037 1265 3110 Cives
1289 3040 1472 3134 inopinato
1504 3043 1581 3114 casir
1612 3064 1694 3136 per·

482 3135 636 3224 enisos,
662 3159 703 3210 ac
725 3137 929 3232 perterritos
956 3132 1062 3208 ¹facile
1089 3134 1133 3204 ad
1152 3133 1324 3226 quietem,
1349 3137 1606 3234 &obsequium
1631 3139 1695 3210 ad·

504 3237 646 3308 duxere.
691 3231 839 3316 Fertur,
880 3231 974 3326 quod
1001 3228 1119 3324 pistor
1143 3230 1189 3300 ob
1220 3253 1291 3303 non
1315 3229 1467 3305 solutum
1492 3234 1536 3308 ab
1565 3233 1700 3308 Albano,

505 3352 615 3423 opus,
641 3331 728 3402 tanti
758 3329 902 3421 incoepti
926 3327 1122 3422 praecipuus
1145 3321 1252 3398 suerit
1275 3330 1422 3414 austor,
1458 3327 1695 3422 Ludovitusque

506 3449 585 3498 cum
603 3426 739 3499 videret
753 3425 895 3496 militem
914 3423 1149 3507 auxiliarium,
1174 3445 1276 3514 quem
1291 3421 1510 3516 exspeelabat
1534 3449 1605 3498 non
1630 3425 1690 3497 ad·

405 3605 410 3618 ¹
506 3542 671 3605 ventare,
696 3541 789 3592 metu
807 3544 851 3594 ex
869 3522 1013 3594 civitate
1027 3513 1197 3611 egressus,
1213 3516 1272 3589 sed
1286 3519 1393 3628 anlro
1408 3519 1522 3602 socio,
1539 3524 1600 3617 qui
1612 3545 1690 3594 cum

505 3619 638 3691 auxiliis
659 3617 777 3689 aderat
792 3618 931 3688 obviarn
947 3610 1039 3686 sasso
1055 3615 1183 3686 iterum
1209 3615 1368 3707 intravtt,
1391 3639 1498 3712 atque
1520 3619 1690 3690 itamari.
1721 3624 1727 3631 ·

505 3735 564 3787 mo
581 3714 710 3788 civium
723 3711 921 3796 dedecore,
946 3709 1043 3800 quod
1061 3731 1159 3782 tanta
1175 3708 1355 3784 occasione
1374 3712 1573 3786 libertatem
1596 3715 1690 3786 clau·

328 3819 459 3897 alege:
503 3807 546 3882 sis
568 3812 677 3903 portis
703 3833 774 3882 non
802 3803 1054 3886 vindicassent,
1079 3798 1235 3879 instituto
1257 3807 1391 3899 potitus
1413 3809 1472 3881 est.
1497 3809 1645 3881 samonis
1669 3810 1691 3900 †

330 3897 426 3973 ans-
503 3906 605 3974 etiarn
622 3893 863 3978 Valentianam
883 3905 994 4002 cepit,
1021 3899 1182 3974 sederim
1210 3901 1369 3976 arx-effes
1385 3903 1581 3998 Hispanico
1602 3898 1711 4000 praes

328 3971 472 4113 ssffffffssffs
502 3997 586 4071 sidio
604 4003 758 4085 tnunitu,
783 4023 886 4096 quarn
913 4019 1091 4092 occupare
1108 4022 1176 4069 non
1194 3999 1309 4090 potuit
1328 4049 1338 4079 ,
1371 4021 1503 4094 paucos
1520 3999 1600 4096 post
1612 4003 1690 4072 dies

326 4135 361 4188 de
374 4130 472 4206 pm,
500 4095 678 4190 diligentia
693 4097 810 4168 Albani
834 4145 844 4180 ,
870 4119 911 4170 ac
939 4117 1048 4190 opera
1064 4092 1201 4185 Jouunir
1222 4097 1261 4167 de
1280 4095 1436 4190 Mendopa
1461 4098 1598 4174 illustris
1622 4095 1690 4169 Hi·

191 4243 195 4253 ·
265 4261 268 4268 .
321 4207 428 4286 ussup.
1113 4249 1118 4263 .
1566 4194 1687 4290 spani,

605 4305 848 4374 *Valencenis
878 4305 915 4374 dt
948 4303 1126 4376 Montibus
1141 4303 1346 4374 Haunouiae.

1813 202 1896 275 Ἰ
