3984 5167
413 443 1248 573 ctssaa‘raaarua
1366 456 1444 541 261

247 672 318 742 que
336 649 370 719 in
384 646 574 741 Protegem
596 640 835 733 admitterent,
861 641 925 715 nist
947 664 1027 715 ante
1044 644 1159 717 omnia
1178 644 1399 723 restituantur
1409 648 1447 719 in
1492 666 1601 741 1577,

248 749 447 837 integrum,
472 764 552 836 quae
576 760 697 811 contra
715 742 923 836 privilegia,
948 737 1131 834 solitasque
1155 738 1280 811 Patriae
1306 743 1445 819 liberta·

249 863 324 924 tes,
350 865 390 912 ac
413 834 535 911 Pacem
562 835 852 926 Gandavensem,
877 839 912 907 in
941 838 1010 910 haic
1038 834 1214 908 novissimi
1244 839 1444 915 traiiatione

248 938 345 1029 pacis
360 935 455 1018 asia,
480 931 716 1025 transaiiaque
738 932 874 1020 forent,
900 928 1265 1024 restituantutquesua
1283 937 1442 1011 omnibus

246 1033 339 1102 bona
349 1083 361 1120 ,
385 1052 455 1104 tarn
471 1032 508 1101 in
524 1028 748 1121 Burgundii,
764 1053 865 1125 quam
887 1052 952 1123 per
979 1048 1096 1107 totum
1115 1023 1296 1121 Belgium,
1337 1035 1445 1126 privi-

108 1116 109 1121 ’
147 1143 149 1146 ·
244 1126 333 1223 legia
350 1132 453 1213 item,
478 1125 722 1219 consuetaeque
745 1128 923 1199 libertates
949 1128 993 1198 de
1014 1128 1151 1219 integro
1178 1124 1451 1212 confirmentur,-

245 1243 286 1297 ut
302 1246 338 1295 1n
363 1224 566 1298 ttastatione
584 1219 830 1309 Gandavenfi,
855 1222 1181 1317 litterisque,.quas
1215 1221 1371 1299 Ordines
1399 1223 1444 1295 ad

242 1344 304 1394 eos
323 1319 526 1415 scripserant
544 1315 711 1411 vigesima
736 1315 860 1391 oiiavi
884 1315 1052 1392 Oiiobris
1079 1340 1170 1390 anno
1193 1316 1445 1415 septuagesimo

242 1417 341 1490 sexto
400 1413 610 1485 remiserant.

295 1440 398 1582 Cin
418 1509 745 1603 Responderunead
764 1505 841 1580 haec
859 1505 1013 1583 Ordines
1023 1506 1115 1596 ,sese
1130 1510 1443 1603 semper‘voluissffi
1502 1573 1531 1599 ,c
1556 1576 1561 1583 .

247 1608 286 1682 &
306 1608 422 1680 adhuc
444 1605 733 1690 veilestabilem',
758 1595 1126 1704 firmamquem'anere
1151 1608 1278 1681 Pacem
1304 1606 1447 1682 Ganda-
1491 1600 1545 1643 '⁸'
1581 1585 1591 1627 ι

249 1700 412 1789 vensem,
438 1702 570 1774 restitui
585 1703 622 1770 in
637 1702 811 1795 integrum
828 1705 962 1785 omnia,
1011 1725 1073 1775 uua=
1100 1706 1302 1777 viderentur
1329 1704 1448 1798 aliquo

248 1800 358 1871 modo
385 1818 508 1870 contra
540 1798 746 1893 privilegia,
771 1795 955 1893 solitasque
983 1726 1110 1900 Sarna
1132 1796 1449 1887 libertatemr&

163 1936 166 1939 ·
248 1893 333 1981 eise,
359 1896 455 1987 quod
471 1917 591 1967 omnes
610 1896 722 1967 exteri
739 1895 886 1980 milites,
914 1892 1066 1988 Hispani
1078 1914 1098 1980 ,·
1110 1894 1206 1982 itali,
1217 1900 1271 1971 r&
1289 1896 1447 1993 Burgun-

248 1994 307 2078 di,
332 1989 481 2086 praefixo
498 1990 555 2063 die
579 1992 705 2084 procul
735 1988 843 2063 dubio
869 1988 891 2061 ὲ
921 1987 1058 2087 Belgio·
1074 1993 1317 2082 discederent,
1351 1996 1448 2089 quod

248 2109 426 2183 nunquam
449 2088 492 2159 de
512 2084 706 2159 differendo
732 2084 972 2181 Hispanorum
1004 2085 1149 2160 discessu
1177 2112 1259 2161 cum
1285 2090 1449 2183 Austriurt

117 2179 120 2186 “
250 2204 413 2279 agerent,
442 2204 605 2257 curarent
620 2202 814 2276 ptaetetea,
838 2183 1105 2259 Provinciarum
1121 2184 1332 2269 Praefesios,
1358 2189 1448 2258 mili·

248 2299 304 2354 tes
328 2278 452 2376 ipsos,
492 2282 553 2374 qui
593 2279 675 2351 alibi
709 2278 950 2367 tenebantur,
985 2280 1152 2369 obedire,
1194 2284 1271 2355 haec
1306 2284 1448 2357 decreta

108 2451 109 2462 ,
248 2375 383 2470 scriptis
406 2376 582 2457 mandata,
610 2377 712 2447 etiam
734 2374 986 2470 subscriptione
1006 2377 1173 2471 proprii,
1200 2379 1446 2465 corroborare,

249 2475 377 2567 quibus
408 2473 571 2553 Attaioi,
597 2470 731 2564 suisque
756 2468 985 2554 satissastum,
1012 2476 1265 2559 existimantes,
1280 2460 1332 2547 'ad
1353 2473 1448 2545 abso·

247 2572 356 2641 lutam
375 2563 796 2650 ‘stastatusiMarchensts
812 2570 1054 2639 executionem
1075 2572 1272 2663 perrexere.
1304 2570 1450 2661 Captivi

251 2667 336 2736 hinc
365 2664 447 2736 inde
472 2663 634 2748 liberati,
660 2686 704 2733 ex
728 2682 829 2756 parte
847 2661 1023 2734 Ordinum
1048 2669 1182 2737 Comites
1211 2664 1449 2756 Munsfrltiius,

108 2830 122 2855 Ἴ,
252 2761 291 2837 &
316 2760 599 2843 Borsomnntanus,
624 2758 757 2845 Biiiiur,
790 2757 928 2832 Dosior
963 2759 1028 2830 Dei
1060 2764 1149 2845 Rio,
1183 2780 1286 2854 atque
1317 2762 1450 2854 aliquot

250 2857 318 2929 alii.
344 2856 401 2926 Ex
417 2874 517 2949 parte
534 2854 630 2948 regii
653 2856 891 2947 Egrnontanus,
906 2854 1075 2945 Fsoyonus,
1103 2856 1253 2949 Caprius,
1282 2859 1449 2952 Gnigm‘us,

250 2954 288 3028 &
310 2952 452 3026 Giimiur.
486 2950 699 3045 Eligitur.ab
719 2949 887 3045 (sasiriaco
905 2953 941 3021 in
957 2948 1165 3025 Praesesium
1183 2953 1284 3027 Arcis
1301 2954 1450 3027 Antver-

248 3045 374 3143 piensts
406 3050 492 3120 Dux
516 3045 751 3137 Arschotonur,
777 3050 877 3143 eique
901 3045 1097 3121 substitutus
1120 3051 1275 3123 Dominus
1301 3051 1337 3121 de
1371 3051 1451 3121 Sex·

248 3148 347 3228 srn',
372 3146 510 3217 interim
538 3142 635 3215 Duci
659 3141 745 3235 ipsr,
779 3141 850 3217 fide
881 3140 972 3237 Regi
999 3168 1063 3241 per
1086 3148 1318 3237 juramentum
1346 3143 1452 3229 dara,

249 3264 312 3312 arx
345 3241 405 3313 illa
444 3243 599 3321 tradita,
632 3260 783 3332 quatuor
817 3238 978 3335 praesidio
1015 3240 1183 3333 impositis
1219 3242 1451 3313 Walonorum
1568 3248 1575 3254 '
1656 3247 1668 3259 “

253 3335 497 3420 Cohortibus,
539 3336 719 3430 Hispani,
764 3332 873 3419 Itali,
922 3339 960 3409 &
1004 3334 1188 3431 Burgundi
1234 3334 1255 3406 ὲ
1303 3333 1451 3430 vestigio
1521 3382 1551 3394 υ

251 3452 332 3502 cum
356 3431 555 3506 Mastrichti
580 3434 647 3504 uni
679 3429 807 3517 essent,
832 3432 1092 3524 Burgundiam,
1125 3454 1166 3505 ac
1197 3429 1350 3517 Italiam,
1374 3454 1451 3503 ver·
1484 3443 1632 3523 Disceffnr

251 3524 308 3598 sno
338 3524 488 3619 profesti
511 3525 612 3609 sunt,
645 3528 750 3599 Duce
773 3532 893 3599 Currite
927 3524 1139 3619 Monsfhltr'n,
1166 3550 1269 3623 quern
1301 3524 1450 3622 Austria·
1483 3522 1616 3613 Hisussuv·

250 3643 305 3694 cus
336 3623 503 3693 exercitui
527 3620 716 3715 praeseeit,
745 3624 843 3695 nullo
871 3626 963 3697 inter
986 3622 1162 3717 Hispanos
1187 3617 1359 3709 invento,
1388 3623 1448 3716 qui
1484 3598 1598 3695 mm&

249 3718 335 3790 socii
358 3718 562 3810 imperinm,
593 3720 668 3790 ullo
696 3720 804 3792 modo
827 3720 941 3792 subire
965 3721 1089 3805 vellet,
1110 3719 1148 3793 δι
1175 3722 1316 3794 tandem
1338 3720 1448 3791 omni·
1483 3678 1630 3828 Ξζῗῖπὲᾏ·

250 3817 317 3888 bus
338 3814 394 3885 his
413 3813 516 3885 rebus
541 3815 595 3884 ita.
604 3815 817 3901 constitutis,
844 3838 948 3910 atque
967 3813 1120 3903 effciiis,
1140 3816 1212 3910 ipse
1230 3815 1341 3911 primi
1362 3814 1448 3909 Majt
1481 3836 1636 3894 amentur..

250 3935 343 3983 anno
371 3908 575 3997 millesimo,
602 3909 907 4002 quingentesimo,
932 3909 1100 4003 vigesimo
1130 3911 1277 4007 septimo
1304 3910 1448 3985 Bruxel-

249 4011 317 4079 iam
349 4004 561 4099 profectus,
590 4003 724 4076 summo
754 4005 803 4078 ibi
828 4030 908 4078 cum
933 4010 1090 4091 honore,
1117 4010 1260 4102 publico
1288 4006 1450 4101 sumptu,

108 4115 109 4120 ’
249 4102 371 4175 erectis
396 4106 558 4191 theatris,
591 4119 779 4193 receptus,
812 4122 938 4198 quarto
959 4100 1079 4198 postea
1106 4106 1162 4179 die
1188 4105 1233 4180 ad
1252 4104 1449 4199 supremum

249 4197 409 4273 Praefeui
426 4203 579 4295 gradum.
590 4195 751 4272 admffus
771 4200 833 4274 est.
1332 4288 1335 4295 A

1266 4297 1294 4390 J
1304 4294 1338 4369 O
1351 4290 1456 4367 niu·

412 4404 435 4447 *²
451 4401 549 4488 Lege:
578 4358 762 4489 Treslong.
849 4486 917 4560 Kk
943 4509 961 4588 3
