3984 5167
383 666 487 755 1580.

530 478 619 595 iat
674 469 710 585 J.
739 466 786 563 n.
814 486 889 559 nr
916 404 1169 559 nnssrs
1211 450 1603 559 conrnune.

581 664 656 745 Vl.
684 660 806 761 Tafflur
831 659 922 735 haud
941 660 1003 732 diu
1015 654 1115 749 Blefir
1127 655 1349 745 constiterat,
1373 648 1579 734 cum'multa
1598 656 1726 737 diresli

535 783 657 843 contra
684 757 865 852 Phililpum
897 758 1059 831 intentari
1086 777 1182 827 certo
1205 757 1386 849 cognovit.
1436 751 1640 833 Permiserat
1657 758 1728 853 jam

433 930 440 946 x
537 882 617 943 ante
634 855 709 953 ¹ejus
725 858 913 931 adventum
930 850 1032 936 Rex,
1059 851 1220 923 sarcarum
1242 852 1425 945 quemdam
1448 848 1727 927 Lusitanumno·

536 960 661 1036 bilem,
689 971 861 1027 trecentos
887 944 1044 1021 &Gallia
1070 944 1217 1021 educere
1246 949 1401 1033 milites,
1424 945 1553 1043 eosque
1583 951 1731 1049 navigiis

537 1046 718 1147 impolitos
734 1048 771 1120 in
794 1044 979 1121 subfidlum
1005 1043 1141 1115 Antonio
1165 1038 1325 1130 miserat,
1344 1045 1406 1137 qui
1434 1063 1552 1115 tamen
1586 1067 1668 1119 cum
1684 1049 1730 1121 ed

538 1170 610 1243 app
651 1142 768 1228 ssent,
792 1164 931 1235 remque
960 1137 1132 1233 perditam
1162 1136 1420 1233 cognovissent,
1443 1139 1479 1209 in
1505 1136 1660 1213 Galliam
1681 1165 1734 1217 re·

538 1267 603 1319 ver
618 1266 629 1314 t
646 1241 741 1314 sunt:
766 1238 852 1312 Dux
869 1256 1037 1333 praeterea
1063 1230 1378 1329 Andegaoenſssjam
1399 1256 1478 1307 cnm
1500 1232 1657 1331 Belgicis
1666 1236 1734 1311 Re-

541 1338 690 1415 bessibus
713 1332 830 1409 stricte
848 1330 1123 1417 eonfoederatus,
1173 1330 1306 1402 bellicis
1334 1332 1582 1425 apparatibus,
1607 1334 1731 1427 quibus

514 1511 517 1530 ¹
542 1437 596 1509 illi
617 1449 762 1529 urgente
779 1428 970 1503 necessitate
991 1426 1117 1519 praesto
1137 1422 1203 1498 esse
1220 1421 1356 1519 posset,
1371 1448 1497 1500 vacare
1507 1427 1731 1505 decreverat:

365 1539 511 1602 *Bardul-
545 1534 651 1625 idque
666 1530 734 1603 hac
750 1524 931 1600 occasione
949 1522 1103 1617 incoepit.
1127 1521 1255 1593 Incisus
1280 1520 1300 1559 a
1323 1522 1385 1615 qui
1401 1522 1550 1618 persidia
1564 1524 1733 1610 militum,

365 1615 491 1681 nursia·

367 1698 463 1762 vdua,
535 1708 539 1721 ¹

367 1774 464 1835 Inchss

367 1850 472 1931 s)ond·

369 1941 434 2013 nus.

285 2110 288 2117 Ι
369 2045 495 2107 ”Phl-

370 2130 469 2201 Eppus

546 1628 693 1719 Ligarium
719 1622 763 1663 *⁸*
786 1644 829 1695 ex
846 1618 925 1693 aice
951 1613 1189 1694 Cameracenst
1209 1616 1380 1711 ejecerat,
1407 1618 1569 1711 quamvis
1597 1618 1736 1693 vidisset

548 1716 742 1796 confestam
760 1714 1036 1790 pacificationem
1056 1716 1161 1783 trium
1181 1711 1347 1785 disiacum
1364 1707 1643 1804 Provinciarum,
1664 1738 1739 1789 cer·

549 1838 655 1913 toque
680 1811 899 1909 cognovisset
927 1808 1105 1883 discessum
1130 1801 1398 1902 Hispanorum,
1422 1808 1534 1881 noluit
1558 1807 1590 1882 se
1619 1830 1735 1883 tamen

551 1914 663 1989 eidem
688 1908 958 1985 reconciliationi
974 1902 1180 1999 adjungere,
1199 1904 1382 1996 vicinaque
1392 1900 1511 1977 Gallia
1525 1903 1653 1991 fretos,
1673 1908 1736 1979 ubi

551 2032 650 2085 certo
674 2006 803 2081 sciebat
822 2010 1047 2079 inventurum
1065 1996 1148 2092 (sc)
1173 1997 1304 2092 semper
1319 2002 1460 2092 quando
1482 1999 1615 2075 necesse
1632 2000 1739 2089 esset,

552 2105 710 2179 securum
727 2104 888 2197 azylum,
914 2094 1114 2171 Rebellibus
1129 2090 1305 2165 adhaerere
1316 2094 1609 2188 perseveraverat.
1628 2094 1741 2185 Quod

370 2202 504 2261 'Reeourt
554 2224 634 2277 curu
654 2200 832 2293 Parmrnstr
853 2197 925 2291 jam
953 2191 1019 2265 suo
1045 2192 1180 2263 muneri
1206 2190 1319 2261 Nuntii
1342 2213 1471 2264 vacans
1499 2190 1738 2287 cognovisset,

369 2279 499 2339 Bmode

372 2356 493 2435 Ilquen

555 2294 683 2371 etiamsi
718 2317 789 2367 non
819 2294 962 2365 haberet
985 2287 1178 2362 exercitum
1201 2283 1281 2357 satis
1308 2289 1493 2371 validum,
1516 2307 1583 2361 nec
1610 2292 1676 2361 alia
1698 2286 1742 2361 ad

555 2377 855 2487 oppugnationem
872 2407 980 2459 tantae
991 2382 1143 2457 civitatis
1156 2378 1358 2465 necessaria,
1383 2381 1494 2455 nihilo
1506 2402 1621 2457 tamen
1632 2384 1744 2457 minor

555 2512 601 2571 ex
622 2488 789 2561 relatione
805 2486 965 2568 illorum,
983 2480 1043 2573 qui
1061 2498 1155 2552 certo
1167 2474 1401 2563 affirmabant,
1416 2476 1512 2571 posse
1530 2501 1596 2575 per
1613 2482 1743 2575 aliquot

555 2584 692 2659 castella
713 2582 922 2678 opportunis
947 2580 983 2647 in
1007 2576 1094 2647 locis
1118 2568 1335 2661 construsia,
1355 2576 1535 2649 civitatem
1550 2576 1596 2649 ad
1612 2596 1746 2650 tantum

555 2702 704 2753 annonae
723 2676 904 2774 penuriam
920 2672 1020 2745 brevi
1035 2669 1184 2751 adduci,
1203 2690 1243 2739 ut
1260 2668 1305 2740 de
1325 2670 1502 2745 deditione
1523 2693 1630 2767 agere
1644 2694 1746 2769 coge·

555 2796 680 2861 retur3
711 2798 752 2847 ea
774 2771 902 2845 exstrui
932 2786 1096 2852 curarat,
1126 2762 1271 2855 satisque
1292 2764 1363 2857 iam
1388 2768 1565 2840 civitatem
1591 2789 1747 2862 precinere

557 2888 737 2963 coeperat,
763 2866 837 2941 &fi
854 2863 1073 2961 perseverare
1091 2858 1278 2954 potuisset,
1299 2864 1435 2933 tandem
1447 2885 1537 2937 voto
1550 2864 1661 2960 potiri
1677 2885 1749 2936 non

557 2962 749 3039 dubitabat.
802 2960 913 3053 Quod
929 2982 1011 3032 curn
1027 2954 1314 3030 animadverteret
1332 2959 1460 3029 inthius
1475 2959 1579 3033 rebus
1599 2958 1667 3033 suis
1684 2957 1749 3031 dis·

556 3057 667 3133 fidens
691 3081 733 3131 ac
749 3056 932 3149 desperans
942 3109 952 3140 ,
964 3076 1030 3125 nec
1045 3076 1116 3124 non
1127 3052 1260 3125 caeteris
1270 3048 1476 3127 Rebellibus
1485 3054 1749 3150 instigantibus,

557 3154 657 3229 Duci
665 3153 773 3226 Gallo
789 3151 857 3226 sese
875 3150 1107 3225 &civitatem
1125 3147 1257 3219 tradere
1275 3148 1453 3233 decrevit,
1477 3170 1645 3245 quacum
1655 3149 1751 3229 unct

558 3252 674 3327 funcra
688 3247 771 3323 esset
786 3248 925 3321 maximi
933 3244 1100 3328 momenti
1112 3240 1293 3337 acquisttio
1304 3292 1316 3325 ,
1329 3245 1516 3341 diligenter
1531 3243 1748 3344 supradicio·

557 3348 707 3421 bellicos
731 3366 919 3442 apparatus
944 3362 1156 3437 promovere
1179 3340 1362 3432 perrexit,
1391 3345 1532 3438 jamque
1567 3342 1751 3438 copiosum

559 3444 706 3515 militent
736 3440 928 3535 pedestrem
953 3438 992 3511 &
1020 3434 1211 3532 equestrem
1239 3434 1443 3511 contrahere
1465 3459 1631 3533 coeperat.

607 3536 706 3609 Vll.
756 3536 815 3609 De
844 3537 970 3631 quibus
993 3534 1095 3607 rebus
1121 3531 1249 3606 certior
1273 3527 1383 3605 fassus
1402 3529 1555 3629 Ttffms,
1581 3538 1754 3611 continuo

558 3658 638 3713 cum
655 3628 753 3726 Rege
764 3635 834 3726 jam
855 3628 963 3723 illesos
983 3626 1140 3715 reverso,
1163 3626 1368 3723 Reginaqne
1385 3650 1513 3717 matre,
1538 3632 1669 3725 quibus
1685 3654 1753 3727 po·

558 3737 627 3807 tnit
641 3726 833 3805 rationibus
853 3748 895 3801 ac
911 3723 1191 3821 persuafionibus
1205 3746 1308 3819 agere
1325 3727 1456 3821 erepit,
1477 3728 1530 3801 uti
1548 3727 1694 3803 fratrem
1709 3736 1766 3803 ac‘

558 3830 667 3903 filium
690 3828 735 3899 de
759 3824 914 3897 instituto
939 3818 1078 3917 (prout
1095 3820 1174 3917 jure
1206 3820 1309 3915 pacis
1357 3822 1493 3917 aliaque
1514 3823 1562 3897 ob
1589 3826 1749 3899 amicitia

557 3926 743 4017 bellicique
760 3916 880 3996 auxilii
904 3918 942 3991 in
968 3916 1096 3993 summa
1119 3914 1340 4003 necessitate,
1364 3917 1443 4014 plus
1467 3916 1572 3997 semel
1597 3920 1750 3995 maximo

560 4018 692 4095 Gallici
715 4016 830 4113 Regni
858 4014 1113 4103 emolumento,
1137 4011 1158 4083 a
1180 4009 1242 4086 suo
1264 4012 1365 4107 Rege
1391 4012 1542 4111 praestita
1564 4014 1748 4104 beneficia,

557 4118 700 4189 omnino
727 4108 968 4209 tenebantur)
993 4108 1219 4186 retraherent:
1262 4107 1326 4184 Ad
1362 4110 1432 4187 hoc
1463 4112 1547 4197 illi,
1578 4114 1754 4205 quidquid

557 4232 675 4306 ageret
694 4208 803 4293 Dux,
827 4226 951 4285 contra
975 4210 1194 4281 voluntatem
1225 4206 1404 4281 amborum
1428 4207 1531 4282 fieri:
1562 4210 1646 4282 nibil
1666 4210 1757 4306 ipis

553 4307 663 4433 magis
684 4326 777 4388 curat
798 4325 858 4387 aut
875 4303 975 4387 cordi
989 4302 1076 4398 else,
1095 4303 1200 4401 quam
1211 4324 1337 4405 pacem
1348 4328 1430 4393 cum
1437 4302 1579 4409 lffliippo
1593 4326 1751 4408 cognato

1708 4428 1753 4485 ac
