3984 5167
238 3038 244 3046 ,
360 2979 478 3039 reule·

526 462 626 617 140¹
662 477 772 609 JJ'B.
800 520 874 588 nu
898 446 1160 601 [TASSIS
1196 490 1589 591 COMMENT.

526 691 751 765 Germaniam
768 693 917 766 reditum
935 712 1101 786 querere,
1125 688 1235 785 &spe
1249 692 1352 786 plane
1367 689 1522 779 delusus,
1543 716 1611 788 qua
1623 708 1718 790 prae'·

526 791 631 883 cipue
644 787 756 861 fertur
773 786 908 862 Mosam
925 786 1103 879 trajeciffe.
1128 785 1330 861 Persuasum
1350 790 1441 860 enim
1459 786 1521 865 [ibi
1542 788 1714 879 habebat,

527 882 625 958 srmul
653 904 757 981 atque
780 885 952 958 exercitus
976 880 1027 954 sui
1059 885 1192 957 verdlla·
1211 882 1521 978 conspicerentur,
1545 890 1717 983 plurimos

529 980 644 1075 pallrm
659 1002 776 1075 partes
795 977 869 1054 suas
890 977 1024 1052 secutos
1039 979 1295 1074 expeditionem
1313 979 1406 1054 suam
1421 982 1630 1077 adjuturos,
1658 984 1718 1057 Al·

528 1079 664 1167 meoque
693 1077 882 1149 maximum
920 1077 1180 1150 incommodum
1212 1076 1382 1163 illaturos.
1439 1078 1715 1165 Nihilominus,

529 1169 688 1266 quamvis
708 1194 777 1243 non
788 1172 988 1260 dubitatur,
1012 1174 1095 1265 quin
1112 1174 1150 1243 in
1165 1170 1289 1265 Belgio
1302 1174 1401 1243 multi
1420 1172 1545 1261 essent,
1569 1176 1632 1268 qui
1646 1174 1718 1245 Au-

529 1272 613 1337 siaco
636 1265 776 1339 occulte
794 1267 974 1356 faverent,
999 1291 1102 1341 nemo
1119 1285 1232 1339 tamen
1252 1264 1349 1339 ausus
1365 1266 1433 1340 fuir
1450 1290 1602 1342 mentem
1617 1266 1717 1342 indiis

530 1361 753 1435 manifestare.
802 1362 884 1435 Sola
901 1362 1066 1451 Dielia*,
1104 1359 1264 1457 Opidnm
1292 1363 1457 1449 Auriaci,
1481 1364 1721 1459 imprudenter

529 1460 696 1545 nimium,
720 1457 799 1531 cium
818 1460 1038 1531 nullomodo
1056 1456 1138 1532 esset
1155 1459 1302 1545 munita,
1336 1457 1411 1533 viso
1427 1460 1574 1533 Domini
1589 1464 1718 1535 exerei-

530 1576 591 1639 tu,
616 1550 850 1627 favorabiliter
861 1557 959 1625 illum
974 1553 1159 1649 prosecuta
1175 1551 1245 1639 est;
1267 1553 1378 1629 Levia
1390 1554 1428 1627 dt
1448 1556 1618 1648 Aurioci†
1642 1559 1722 1651 opi·

531 1652 613 1723 dum
634 1670 829 1722 commeatu
845 1651 943 1721 illum
964 1650 1070 1737 uvir,
1096 1672 1199 1743 quam
1216 1651 1263 1721 ob
1285 1654 1429 1725 remilla
1451 1652 1569 1747 postea
1583 1674 1647 1746 per
1665 1674 1722 1726 to-

536 1765 593 1817 tos
622 1743 754 1839 septem
779 1744 911 1817 menses
988 1744 1110 1819 rdiniae
1133 1749 1166 1817 le
1192 1746 1307 1819 ionem
1330 1768 1444 1842 poenae
1460 1749 1602 1821 nomine
1619 1749 1717 1823 aluit.

466 1866 470 1871 ·
532 1840 774 1915 Exhacvcro
792 1838 975 1935 evestigio
996 1864 1041 1913 ex
1066 1770 1274 1936 Magifiratu
1297 1864 1386 1915 unus
1410 1844 1454 1915 ad
1487 1844 1633 1919 aliorum
1658 1866 1747 1917 err--

532 1938 710 2030 emplum,
731 1933 823 2032 jussu
839 1936 957 2007 Albani
970 1958 1128 2009 extremo
1147 1935 1320 2032 supplicio
1337 1935 1479 2012 affe'stus
1498 1937 1575 2030 est,
1598 1936 1722 2015 1111311-

532 2035 569 2105 ci
591 2035 734 2105 nimium
752 2031 852 2115 casu,
875 2034 958 2105 dum
985 2034 1078 2105 eninr
1107 2054 1231 2127 rogatu
1252 2039 1439 2109 multorum
1458 2060 1478 2109 a
1498 2033 1723 2109 mulstatione

533 2129 644 2201 sotius
659 2127 884 2223 Magistratus
896 2131 1049 2201 animum
1068 2128 1261 2217 avertisset,
1286 2150 1491 2219 contentus,
1516 2151 1557 2205 ut
1573 2154 1662 2207 unus
1677 2154 1724 2204 ex

535 2224 747 2320 Magistratu
761 2226 914 2298 omnium
937 2226 1051 2321 culpis
1069 2222 1298 2316 satisfaceret,
1323 2224 1450 2301 sortem
1467 2230 1596 2313 scere,
1620 2225 1720 2301 unus-

534 2342 604 2416 que
626 2321 780 2393 omnium
795 2319 992 2405 insaeliciter
1006 2323 1050 2395 ad
1064 2319 1273 2417 supplicium
1293 2325 1417 2398 dusius
1436 2252 1497 2399 ed.
1528 2324 1666 2399 Albanus
1679 2323 1720 2397 in

536 2416 578 2489 ed
595 2417 819 2513 expeditione
839 2440 954 2513 prope
977 2416 1139 2515 Lysmale
1165 2421 1305 2515 egregie
1328 2421 1461 2495 hostem
1483 2419 1599 2506 fudit,
1625 2415 1725 2493 ccesru
1842 2481 1851 2497 .

360 2512 483 2571 Ausees
536 2514 618 2607 plus
631 2504 726 2587 mille
741 2516 964 2610 quingentis,
988 2534 1093 2609 atque
1115 2518 1164 2587 ita
1189 2514 1305 2589 saucio
1320 2517 1456 2590 Antonio
1474 2517 1590 2589 Gemite
1601 2514 1722 2589 Istrocb·

389 2587 497 2723 ''Q‘'
528 2606 702 2705 ffiarsnfi,
727 2629 766 2683 nt
784 2634 914 2707 paucos
930 2607 1009 2705 post
1025 2612 1098 2685 dies
1118 2612 1197 2685 viti‘
1209 2610 1409 2687 excesserit:
1429 2611 1484 2685 -&
1499 2635 1539 2687 ur
1558 2614 1725 2709 plurimo·

358 2606 389 2647 sd

243 2723 246 2735 ·
358 2670 477 2817 m,
538 2725 617 2777 rum
630 2706 679 2778 est
692 2708 835 2801 opinio,
851 2706 1017 2803 potuisset
1027 2709 1219 2802 aliquando
1234 2709 1331 2782 certa
1341 2708 1401 2805 spe
1416 2708 1598 2805 potiundae
1616 2704 1727 2784 vidio-

359 2823 447 2881 ruse
537 2801 598 2871 riae
615 2822 697 2874 cum
712 2802 812 2877 holle
825 2803 1036 2897 confligere,
1061 2801 1121 2878 sed
1135 2802 1469 2881 cirm‘tantummodo
1482 2802 1564 2881 ellet
1576 2804 1628 2879 sui
1643 2828 1729 2880 one·

357 2901 437 2975 mli
449 2914 494 2978 pe
537 2894 608 2983 ris,
633 2900 833 2991 provincias
854 2898 917 2973 libi
934 2899 1082 2973 creditas
1100 2898 1323 2988 conservare,
1345 2905 1533 2981 dummodo
1544 2900 1581 2975 id
1593 2904 1729 2976 obtine·

539 3013 619 3075 ret,
645 2994 759 3066 noluit
778 2997 878 3069 aliter
894 3017 968 3070 rem
983 2997 1120 3071 incerto
1133 3000 1256 3091 praelio
1274 2999 1448 3093 objicere,
1469 3002 1631 3072 damnum
1647 2996 1727 3069 fini·
1800 3004 1807 3015 '

539 3086 604 3163 stri
619 3085 807 3178 successus,
832 3114 935 3187 quam
963 3092 1110 3186 gloriam
1135 3092 1287 3188 superati
1311 3095 1436 3178 hostis,
1458 3097 1568 3192 pluris
1583 3092 1729 3167 faciens.

426 3246 430 3253 ,
540 3182 663 3277 ltaque
678 3204 751 3259 arte
768 3182 891 3283 fugato
909 3189 1062 3262 duriaco
1076 3186 1138 3263 snb
1155 3188 1259 3264 finem
1278 3188 1487 3265 Decembris
1510 3190 1644 3286 ingenti
1665 3187 1728 3263 sri-

324 3288 335 3311 ‘
364 3303 501 3367 Dareum
541 3302 627 3378 gore
650 3278 846 3355 Bruxellnm
860 3281 974 3359 vision
989 3284 1105 3363 rediit.
1672 3304 1676 3311 ·

363 3380 501 3459 Aureus,
591 3375 706 3450 XVll.
732 3377 845 3453 Erunt
870 3402 955 3455 tunc
973 3402 1036 3474 per
1054 3398 1165 3456 totum
1189 3382 1350 3477 Belgium
1373 3386 1514 3470 attenti,
1539 3380 1730 3475 artelliqne

365 3456 509 3557 &reduc
544 3475 696 3545 omnium
717 3477 839 3564 animi,
856 3476 1106 3571 'expediantem
1141 3479 1211 3575 qul
1235 3478 1350 3555 forme
1376 3483 1540 3576 deinceps
1566 3482 1602 3553 in
1623 3480 1732 3555 admi-

363 3539 482 3677 2252:-
543 3564 863 3645 nistrationererurn
879 3574 1096 3668 publicarum
1109 3596 1262 3650 uteretur
1273 3627 1285 3662 ,
1295 3576 1376 3650 inde
1388 3578 1586 3673 judicantes
1602 3576 1732 3669 depen-

365 3698 432 3753 ,pm
544 3664 626 3737 dere
648 3663 790 3740 salutem
809 3670 867 3741 vel
892 3669 1026 3741 ruinam
1049 3670 1190 3755 Patriae,
1215 3670 1364 3759 crim,fi
1391 3674 1597 3769 praeteritis,
1622 3671 1731 3768 iisque

323 3823 327 3835 .
362 3777 475 3871 pepusa
543 3763 677 3857 maguis
692 3760 871 3860 suppliciis
892 3784 1106 3853 contentus,
1120 3769 1340 3845 clementiam
1365 3771 1547 3867 amplexus
1566 3765 1755 3941 ell'erdstin-

365 3868 433 3923 csss,
538 3871 545 3886 ·
1077 3892 1082 3903 ·
1621 3887 1646 3961 p
1697 3888 1738 3939 e-

366 3928 433 4003 wll'
451 3950 481 3989 ⁰·
573 3990 588 4003 ..

368 3950 455 4104 offis
584 4009 749 4099 'WestoJ
772 4014 1001 4099 Dieflbenrs’um,
1028 4018 1140 4109 Belgis
1163 4020 1266 4105 Diels,
1287 4023 1453 4110 oppidum
1476 4022 1668 4091 Brabautiae
1688 4021 1732 4087 ad

366 4099 511 4164 ”mdv-
544 4093 729 4163 Demeram
750 4100 902 4171 fluvium.

367 4176 458 4259 W
585 4176 730 4260 'thuin
749 4183 945 4339 ‘'M-³⁶2
968 4187 1170 4273 legendum:
1189 4194 1290 4259 esrum.
1309 4189 1418 4261 Porro
1438 4191 1600 4271 bermo,
1621 4188 1734 4272 Belgis

367 4260 464 4321 'ult‘
541 4260 748 4342 Sourleeuwe,
770 4266 819 4333 est
848 4270 915 4336 altu
972 4272 1175 4357 oppidulum
1207 4274 1416 4355 Brabantiae,
1443 4276 1604 4361 adjacens
1629 4272 1733 4345 Getae

365 4325 478 4465 ξπ
544 4346 670 4439 dupio,
691 4346 825 4421 duobus
840 4352 930 4423 infra
945 4353 1084 4429 Thenas
1102 4357 1314 4431 milliaribus.

353 3051 458 3131 suere.
