3984 5167
424 505 1246 607 iruultmllnrlus.
1363 482 1459 625 241x

253 703 391 776 tandem
404 701 565 795 imperio
588 702 860 788 excluderetur,
889 713 1004 794 eoque
1025 701 1134 773 modo
1150 698 1340 775 rebellione
1363 725 1447 776 oon·
1491 717 1606 806 1576„-

249 794 405 880 immid,
431 801 572 870 Auroito
587 800 644 872 rie
661 799 855 892 aperiretur
868 799 914 872 ed
930 795 1098 872 summam
1118 797 1168 868 rei
1178 797 1217 868 in
1233 793 1267 866 se
1280 800 1445 889 paulatim
1556 848 1571 876 .

248 887 540 966 transferendum.
858 893 869 931 ¹

267 1031 268 1036 ,
296 981 426 1058 LXIV.
454 985 567 1061 Erant
586 988 657 1081 jam
674 989 831 1064 omnium
851 984 1044 1074 animitam
1062 987 1222 1072 alienati,
1239 982 1447 1078 aversiquei

244 1079 366 1174 Rege,
382 1079 509 1174 'eoque
527 1085 685 1156 audaciae
700 1085 878 1177 provecti,
903 1103 943 1154 ut
963 1079 1094 1157 fetatur
1113 1082 1330 1175 precipuum
1341 1102 1447 1174 quen·

131 1211 134 1218 ·
244 1176 328 1249 dam
345 1197 391 1250 eo
407 1179 451 1252 ub
467 1175 661 1252 Ordinibus
683 1177 816 1253 milium
839 1180 876 1248 in
897 1177 1078 1269 colloquio
1094 1175 1254 1250 familiari
1276 1197 1350 1249 non
1370 1198 1449 1253 eru-

243 1267 353 1350 buisse
379 1269 568 1364 Arsinoeo,
597 1272 710 1366 specie
734 1273 894 1345 amicitiae
914 1270 1140 1365 persuadere,
1164 1293 1204 1351 ut
1226 1293 1284 1344 eae
1298 1270 1445 1346 provin·
1505 1275 1515 1288 '

241 1365 315 1438 cias
330 1363 627 1453 sibivendicaret,
651 1364 940 1461 tanen-Principis
957 1364 1168 1451 offensione,
1186 1385 1227 1440 ut
1241 1369 1445 1461 punire-au-

242 1461 381 1534 daciam
401 1462 551 1554 ptopriit
577 1463 735 1540 manibus
760 1464 821 1538 vix
839 1461 1052 1537 abstinuerit.
1103 1459 1269 1554 Denique
1296 1485 1375 1536 curn
1398 1459 1442 1535 ei
1508 1501 1512 1508 ·

245 1552 400 1628 Ordines
417 1556 583 1628 dilatione
609 1575 781 1646 utuntur,
808 1579 879 1630 non
910 1556 996 1630 ficut
1013 1555 1146 1650 Regius
1174 1560 1294 1642 milet,
1346 1555 1441 1630 uietd

243 1647 340 1744 quod
364 1651 520 1724 adarna
535 1648 572 1722 se
592 1651 776 1748 gerebant,
802 1673 1000 1747 quanquam
1029 1647 1068 1723 dt
1094 1652 1165 1732 ltoc
1192 1651 1263 1724 illis
1286 1673 1306 1722 e
1334 1671 1369 1726 et
1389 1652 1441 1731 inf

239 1741 399 1838 junctum
421 1745 466 1818 ab
481 1743 667 1839 Anflrr'aco,
686 1745 750 1822 sed
774 1747 873 1842 qtrnst
893 1771 964 1825 nou
990 1744 1224 1834 adventasset,
1250 1747 1287 1818 vi
1303 1745 1442 1834 omnia,

109 1921 110 1924 Ἴ
244 1859 349 1935 utque
374 1843 499 1922 armiu,
524 1842 655 1934 ubique
677 1847 936 1920 continuarunt.
971 1843 1117 1914 'Arcem
1147 1840 1441 1930 Gandauensem,

245 1958 288 2011 eo
304 1932 379 2028 ipso
396 1954 574 2028 ternpore,
599 1956 671 2030 qun
689 1935 950 2013 Commillarioe
968 1941 1011 2010 ad
1025 1959 1106 2010 eum
1130 1940 1294 2024 mittunt,
1318 1939 1363 2010 td
1381 1939 1441 2010 de·

248 2032 417 2108 ditionem
440 2029 602 2125 coegere.
656 2031 805 2128 Boffuyus
833 2031 981 2109 libertati
998 2031 1196 2117 restitutus,
1221 2055 1335 2109 arcem
1351 2032 1441 2106 Tru·
1541 2120 1543 2126 s

244 2123 430 2217 jettensem
446 2131 483 2200 vi
505 2125 676 2222 aggressus
697 2129 763 2202 est:
791 2131 828 2202 &
846 2131 938 2205 haud
964 2125 1072 2220 longe
1098 2126 1297 2222 Antverpitl
1326 2128 1439 2201 muni·

245 2223 375 2295 tionem
399 2243 637 2317 occuparunt,
663 2223 854 2299 extruetur
881 2221 924 2299 ed
941 2223 1140 2296 coenobium
1158 2222 1245 2294 Divi
1261 2224 1439 2312 Bernardi,
1587 2232 1593 2240 ’
1678 2231 1684 2244 ’

245 2337 323 2409 quae
339 2333 452 2388 tamen
469 2321 513 2389 ab
528 2317 693 2411 Hispanis
710 2333 913 2412 recuperata
932 2318 1003 2402 est,
1019 2315 1103 2388 ut&
1120 2313 1438 2411 arxTraieslensrs,

244 2432 316 2488 tam
331 2412 480 2484 viriliter
500 2413 700 2488 conservata
726 2415 745 2488 l
766 2415 958 2486 Ferdr'nondo
975 2411 1125 2497 Daoila,
1150 2433 1197 2500 ut¹
1209 2410 1339 2482 etiamst
1363 2414 1439 2504 Bos,-

238 2507 338 2600 suput
354 2555 365 2590 ,
380 2509 532 2600 ,quantis
551 2508 664 2604 pollet
679 2509 813 2582 viribus
838 2531 912 2582 etro
935 2525 1180 2601 oppugnaret,
1207 2507 1293 2578 nihil
1325 2526 1440 2580 tamen

245 2600 455 2694 profecerit,
481 2625 545 2676 nec
570 2606 665 2698 prius
689 2627 729 2676 ea
756 2606 863 2698 potiri
881 2607 1018 2695 potuit,
1044 2621 1150 2696 quam
1169 2599 1259 2694 juliu
1278 2602 1440 2690 Austrioci
1493 2655 1497 2662 ·

245 2697 283 2774 in
320 2717 398 2768 eum
428 2696 544 2774 finem
565 2695 662 2770 millo
695 2697 863 2792 peculiari
897 2698 1039 2785 nuntio,
1073 2694 1152 2790 post
1184 2693 1439 2768 Marchiensetn

246 2812 390 2886 pacem:
416 2789 484 2886 (de
503 2813 572 2885 qua
586 2793 697 2884 insta)
723 2793 761 2864 dt
775 2795 850 2881 illa,
876 2795 912 2870 dt
929 2792 1041 2864 Viana
1066 2793 1169 2885 (quae
1184 2812 1258 2865 etat
1273 2789 1437 2886 Trajeslo

162 2917 165 2925 ’
245 2889 401 2960 vicinum
437 2889 644 2981 oppidulum
677 2890 814 2960 illustris
846 2889 1048 2960 Brtderorum
1081 2884 1252 2972 familiae,
1279 2887 1339 2959 ubi
1364 2907 1439 2983 erat

160 3017 169 3038 1
244 2979 436 3058 Praefeciur
461 2983 642 3074 Torstdillas
661 2981 861 3078 Hispanus)
887 2983 1171 3074 Culenburgum‚
1197 2980 1236 3052 dt
1257 2981 1437 3054 Comitum

245 3078 318 3168 eius
333 3101 380 3150 ex
397 3077 551 3243 11³·almtta
565 3078 715 3169 familiai,
739 3077 856 3168 sedes,
884 3080 945 3154 ubi
962 3076 1131 3154 relidebat
1145 3078 1267 3149 Gallius
1276 3128 1288 3164 ,
1307 3075 1436 3172 Boffupo

242 3173 383 3250 traditae
425 3195 497 3248 unt.
1137 3220 1147 3242 2

293 3266 405 3338 LXV.
455 3269 621 3362 Dumque
643 3271 719 3344 haec
736 3275 828 3352 inter
852 3267 1076 3365 Arflriatum,
1102 3253 1139 3336 de
1166 3264 1319 3341 Ordines
1340 3267 1434 3340 lente

165 3419 171 3426 ..
244 3364 454 3448 tradantur,
481 3365 653 3438 Tribunol
663 3363 807 3438 Consilii
823 3366 960 3451 Status,
985 3364 1120 3456 imperii
1136 3361 1288 3433 habenas
1307 3385 1326 3433 a
1343 3385 1435 3433 mor·

110 3469 115 3480 '
245 3477 282 3529 te
304 3455 501 3544 Requesenrtii
520 3458 582 3532 fibi
600 3461 621 3532 l
635 3455 734 3555 Rege
755 3463 912 3543 traditas,
925 3455 1077 3532 retinere
1092 3456 1224 3534 voluit:
1240 3453 1332 3550 quast
1347 3479 1433 3530 vero

242 3547 324 3643 iplis
341 3549 411 3641 jam
430 3555 611 3646 quitquam
630 3553 713 3628 esset
728 3554 847 3628 summi
870 3555 1030 3648 imperii,
1048 3573 1154 3645 atque
1173 3552 1376 3644 ignorarent
1396 3551 1431 3624 se

243 3666 381 3720 tantum
411 3643 476 3717 elie
497 3649 606 3718 nudos
630 3645 739 3743 Regis
765 3645 955 3730 ministros,
974 3669 1181 3740 omnemque
1205 3645 1268 3738 fibi
1293 3647 1433 3740 imperii

108 3805 109 3810 ,
243 3738 508 3814 auiihoritatem
539 3745 690 3815 adventu
719 3742 879 3840 l'roregis
907 3743 972 3816 esse
988 3745 1208 3835 ademptam,
1233 3743 1290 3813 cui
1312 3763 1432 3818 omnen

244 3837 314 3934 jam
331 3835 493 3921 obedire,
524 3834 660 3929 seseque
682 3838 879 3912 submittere
906 3839 1067 3914 debeant.
1105 3832 1162 3907 Eo
1185 3838 1288 3908 etiam
1316 3839 1431 3927 impu-

243 3933 372 4023 dentiae
389 3930 580 4023 provectus
597 3932 646 4002 est
663 3935 890 4025 Arsilotonus,
909 3954 1035 4006 utnon
1050 3931 1226 4003 erubuerit
1242 3931 1343 4003 etiam
1350 3929 1430 4025 post

108 4037 110 4040 ’
241 4025 435 4102 confeiiam
451 4049 572 4120 pacem
589 4025 858 4114 manliensem,
884 4054 927 4102 eo
943 4048 1136 4122 praetextu,
1149 4029 1243 4120 quod
1259 4049 1330 4098 non
1347 4026 1431 4102 esset

242 4125 358 4199 adhuc
376 4119 538 4195 admilsus
566 4124 609 4206 ad
635 4122 818 4217 imperium
841 4123 1050 4220 Arsinoites,
1075 4145 1155 4196 curn
1180 4145 1224 4194 eo
1251 4121 1294 4194 de
1316 4123 1429 4218 primi

197 4249 203 4256 ·
242 4215 319 4289 sede
348 4220 384 4290 in
410 4221 542 4310 templo
564 4221 797 4306 contendere,
822 4225 1007 4310 locumque
1030 4216 1080 4289 ibi
1095 4212 1228 4308 suum,
1264 4217 1427 4314 tanquam

240 4313 493 4401 locumteneno
511 4311 685 4406 Ordinutp
703 4317 738 4395 in
758 4313 941 4404 rebellicil
955 4311 1049 4408 Velle
1071 4311 1229 4409 [mittere.
1255 4311 1309 4389 lta
1332 4311 1426 4415 apud

242 4403 587 4500 ,·Tom.sl.l’arra.
922 4402 1002 4486 Hh
1043 4442 1047 4451 ·
1194 4432 1198 4438 ·
1306 4425 1427 4480 ornnes
