3984 5167
398 496 698 629 nruun
756 496 1250 593 ocnnvuu
1370 503 1452 614 565
1559 520 1561 525 ι

177 683 190 766 l
253 695 452 791 attingere,
478 715 569 788 opus
587 692 754 779 arduum,
780 695 818 768 δι
840 695 937 789 quod
966 717 1039 767 uno
1059 689 1116 770 die
1139 712 1213 764 erat
1239 690 1370 767 n‘ecelle
1399 693 1448 765 ita
1491 702 1593 783 1596.

252 781 405 887 perfici}
424 814 463 863 ut
491 788 681 885 supereffet
707 809 844 883 tempus
869 788 1057 863 invadendi
1075 808 1154 861 ante
1179 786 1326 860 nortem.
1376 790 1448 862 Res

250 890 415 959 Ludouicu
430 886 468 955 dr
487 883 618 970 Velasco
636 908 716 957 cnm
734 884 796 959 sud
822 887 960 981 legione
984 880 1180 971 commissa,
1203 882 1447 977 laboravitque

172 1023 176 1031 =
250 982 311 1056 ille
326 984 363 1053 in
379 1002 488 1073 opere
511 981 605 1051 omni
625 980 764 1067 studio,
790 1004 832 1053 ac
860 982 1065 1075 vigilantii,
1091 979 1150 1051 sed
1175 1002 1256 1051 cum
1284 1001 1355 1050 non
1383 1002 1447 1071 po·

249 1075 365 1151 tuillet
390 1073 531 1170 integre
557 1074 707 1168 perfici,
733 1096 777 1147 ne
806 1078 902 1149 miles
927 1076 1088 1170 periculo
1115 1074 1341 1166 objiceretur,
1359 1076 1447 1147 citrt

250 1173 487 1268 apparentiam
505 1170 590 1241 boni
609 1168 794 1253 succellus,
822 1175 972 1245 Alberrus
987 1169 1137 1266 affaltum
1157 1170 1194 1245 in
1210 1174 1345 1263 'suppum
1363 1191 1447 1240 con·
1563 1256 1565 1261 Ι

250 1289 393 1343 vertens
409 1267 566 1336 Ludoor'co
588 1265 758 1337 commisit
775 1289 839 1359 per
868 1265 1029 1350 nudem,
1055 1266 1209 1347 faceret,
1233 1288 1272 1337 ut
1299 1266 1352 1335 bis
1372 1261 1446 1335 seni

181 1440 185 1446 ,
252 1384 298 1434 ex
321 1352 484 1433 militibus
499 1360 658 1455 superati
673 1384 772 1455 parte
790 1362 849 1436 illei
866 1359 1076 1457 imperfecti,
1093 1383 1236 1455 quoquo
1252 1357 1448 1451 modopol·
1515 1410 1522 1428 ,

251 1455 328 1531 sent
342 1454 433 1529 infra
453 1480 569 1529 muros
585 1458 754 1544 civitatis,
769 1454 867 1530 fafilis
882 1458 1073 1537 cuniculis,
1093 1455 1125 1527 se
1143 1459 1193 1529 ita
1209 1458 1445 1539 collocarent,
1637 1452 1641 1468 “

252 1573 385 1625 utnon
408 1550 522 1646 puiset
539 1550 667 1637 hostis,
686 1552 757 1646 jam
778 1550 873 1623 fauo
890 1555 965 1639 die,
977 1552 1063 1632 ‚illos
1078 1551 1159 1625 inde
1172 1552 1339 1647 dejicere,
1363 1550 1446 1623 iret·

251 1670 321 1741 que
334 1648 459 1720 exinde
476 1645 700 1720 fortificando
723 1670 804 1719 cum
823 1650 899 1723 aliis
916 1650 996 1720 illos
1007 1650 1159 1741 primos,
1180 1670 1317 1742 unaque
1327 1668 1447 1718 umnec

244 1740 355 1837 sappi
371 1744 415 1815 ad
431 1743 519 1811 muri
541 1742 695 1815 civitatis
711 1742 941 1817 summitatem
958 1745 1152 1815 tenderent.
1179 1740 1291 1829 Quod
1312 1742 1360 1813 ita
1375 1738 1447 1813 for·

251 1839 334 1910 riter
353 1839 486 1923 atium,
502 1857 542 1908 ut
568 1842 705 1911 tandem
730 1836 838 1912 hostis
860 1840 1004 1922 videns,
1034 1836 1095 1910 fibi
1117 1835 1160 1911 ed
1184 1838 1245 1911 vid
1266 1835 1446 1911 imminere

251 1949 383 2005 certam
399 1932 552 2014 ruinam,
577 1934 621 2005 de
646 1932 824 2007 deditione
839 1957 942 2030 agere
963 1936 1131 2027 coeperit,
1147 1952 1270 2029 petens
1290 1952 1329 2007 ut
1338 1938 1446 2005 Comes

253 2030 292 2100 de
308 2029 397 2115 sore,
415 2028 459 2100 ιιι
476 2029 513 2101 id
527 2030 671 2103 intraret
687 2032 884 2114 civitatem,
907 2029 944 2100 &
960 2031 1101 2102 mittens
1118 2032 1161 2101 ad
1182 2026 1444 2137 ejusdemlsecu·

252 2126 389 2204 ritatem
413 2124 433 2163 ¹⁸
457 2177 645 2198 ......
668 2123 847 2199 Comitem
864 2126 901 2196 dc
912 2121 1048 2217 Nuffow
1070 2124 1115 2197 ad
1132 2125 1335 2200 exercitum.
1354 2120 1391 2193 T
1394 2146 1443 2195 ra·
1475 2144 1492 2185 r
1513 2142 1567 2204 Er.

254 2221 385 2293 statum
410 2218 477 2291 fuit
501 2241 563 2311 per
587 2242 719 2316 paucos
741 2220 834 2304 dies,
861 2222 898 2294 δι
926 2223 1051 2293 ultimo
1074 2217 1306 2303 tranianum,
1332 2220 1442 2307 irent,
1475 2224 1595 2318 nestum.
1680 2280 1707 2311 ι.

251 2336 324 2407 quo
340 2316 471 2387 vellent
488 2313 680 2388 defensores
703 2318 876 2404 civitatis,
901 2340 982 2389 cum
1000 2315 1121 2399 armis,
1146 2316 1298 2399 vexillis,
1309 2312 1370 2387 suo
1400 2337 1443 2387 ue
1475 2300 1602 2372 Romus.

252 2408 521 2504 suppellellile,
544 2409 745 2506 civibusque
761 2414 849 2485 nihil
873 2414 953 2485 mali
971 2410 1079 2484 fieret.
1128 2409 1357 2503 Quodplene
1374 2338 1442 2483 ιιι·
1465 2375 1602 2529 ξΜ·
1673 2476 1675 2484 Α
1745 2450 1747 2457 ,

252 2526 394 2593 vatum,
419 2526 523 2601 atque
539 2504 585 2578 stc
606 2509 746 2581 redusta
762 2510 798 2580 in
813 2509 938 2579 Alberti
953 2503 1159 2601 potestatem
1178 2505 1314 2601 integri
1330 2503 1444 2577 iusuld
1492 2473 1521 2530 9·
1630 2500 1633 2515 '

253 2602 587 2696 (propugnaculum
609 2605 700 2675 enim
717 2603 803 2676 illud
829 2604 944 2690 aliud,
970 2604 1067 2697 quod
1088 2603 1125 2674 in
1149 2600 1295 2675 introitu
1325 2598 1444 2673 insulae

252 2700 299 2771 ιιι
316 2696 494 2783 dexteram
510 2696 601 2771 stare
618 2700 786 2785 diximus,
811 2722 881 2771 uun
907 2700 1053 2771 multum
1074 2696 1153 2793 post
1174 2697 1442 2793 occupationem

251 2793 416 2879 alterius,
441 2793 461 2865 *a
478 2792 714 2869 defensoribus
735 2794 904 2868 desertum
912 2792 1031 2889 Regiis
1051 2792 1215 2883 cellerat)
1231 2794 1444 2887 perlustrans

253 2911 334 2962 eum
351 2890 597 2986 undiquaque,
632 2890 860 2988 ordinansque
883 2917 922 2964 ea
947 2913 1026 2987 quae,
1051 2892 1094 2962 ad
1120 2888 1344 2963 securitatmu¹
1365 2885 1443 2981 ejus

253 3005 354 3057 erant
375 2985 566 3061 necelsaria.
604 2984 686 3062 Nec
712 3012 783 3061 non
811 2986 932 3061 relicto
956 2992 993 3059 in
1020 2985 1215 3081 supremum
1233 2981 1442 3057 Praelellum

205 3079 212 3096 “
251 3080 430 3167 civitatis,
462 3080 649 3177 insulaeque
675 3082 907 3179 supraditlum
933 3085 1062 3155 Labitur
1083 3082 1125 3175 †,
1148 3081 1192 3155 ad
1209 3104 1337 3177 pagum
1354 3080 1444 3154 Divi

252 3175 382 3248 Nicului
395 3177 519 3267 rediit,
543 3202 583 3251 ac
599 3181 682 3253 inde
697 3183 903 3273 Autorrpium
913 3178 946 3251 se
956 3180 1124 3263 cuntulit,
1145 3178 1207 3251 ubi
1230 3201 1294 3272 per
1310 3178 1444 3269 aliquot

251 3268 327 3344 dies
348 3294 525 3357 moratus,
546 3276 626 3371 post
636 3273 770 3349 millum
786 3275 976 3351 exercitum
999 3275 1043 3347 ad
1060 3273 1240 3368 hyberna,
1259 3268 1441 3367 precipue

248 3368 295 3438 ad
311 3364 459 3439 finitima
485 3370 641 3445 Picardr‘ae
658 3372 756 3460 loca,
783 3377 924 3447 tandem
946 3371 1162 3466 triumphans
1183 3367 1366 3447 Bruxellum
1387 3368 1440 3441 in·

247 3464 357 3535 travit
373 3462 487 3535 mense
512 3518 699 3541 ......
724 3468 808 3540 dieti
824 3470 903 3543 anni
917 3490 975 3561 97.

299 3556 463 3631 xxxvl
489 3556 576 3634 Erat
590 3580 675 3635 tunc
691 3567 859 3659 temporis
877 3564 1015 3638 Dorlani
1032 3564 1257 3640 Gubernator
1267 3560 1441 3635 Foditur·

248 3652 308 3723 dus
328 3650 427 3725 Tellus
453 3656 492 3725 de
512 3657 733 3732 Portucarmu
757 3660 962 3758 Hispanus,
994 3665 1050 3734 vir
1075 3682 1240 3757 genere,
1271 3660 1308 3731 &
1334 3658 1438 3729 armis

246 3748 469 3911 praecipuus,
498 3750 536 3824 δι
552 3774 631 3824 cum
653 3758 759 3829 moris
774 3754 815 3828 lit
839 3757 939 3830 bonis
962 3758 1128 3832 militibus
1151 3758 1186 3829 in
1211 3754 1272 3829 sud
1294 3750 1442 3826 statione

264 3864 382 3936 qmper
396 3845 586 3939 vigilanter
601 3850 742 3934 vivere,
767 3850 947 3949 precipue
973 3852 1055 3927 dum
1083 3873 1191 3949 agunt
1214 3855 1251 3926 in
1271 3848 1441 3923 limitibus

245 3932 424 4025 hostium,
450 3941 509 4013 hic
526 3964 590 4035 per
608 3948 783 4039 quendam
801 3951 914 4022 civem
932 3950 1166 4038 Ambianensem
1194 3950 1331 4021 exulem
1351 3998 1362 4034 ,
1386 3946 1439 4017 in·

189 4121 193 4129 ¹
243 4028 441 4145 loquatur,
466 4059 507 4109 ac
533 4036 711 4131 persuasus
739 4042 836 4139 pulle
858 4047 1037 4117 civitatem
1066 4044 1161 4117 illam
1191 4068 1267 4118 non
1289 4040 1441 4137 amplius

244 4148 399 4226 qumque
414 4132 606 4209 miliaribus
628 4138 770 4212 Durlouu
783 4138 1158 4233 'distantemoccupari
1179 4140 1441 4232 stratagemate,

176 4232 187 4245 ”
242 4225 497 4302 ‘communicati
515 4254 554 4304 re
573 4253 653 4305 cum
677 4235 834 4323 Adero,
869 4234 1094 4333 ejusdemque
1118 4231 1221 4327 super
1248 4257 1292 4306 eo
1319 4236 1443 4308 habito

242 4322 429 4421 nodato,
451 4323 557 4424 fecit,
574 4350 614 4408 ut
633 4352 679 4409 ex
691 4330 838 4505 diversrlq
846 4328 1022 4526 ppaelqdiair
1043 4330 1321 4482 circumvicinis,
1345 4328 1444 4505 ff}
1548 4322 1550 4335 .
