3984 5167
502 446 584 640 1'44
641 516 674 629 J.
703 515 750 605 n.
781 538 859 609 ne
894 507 1147 607 russis
1192 503 1581 603 connitur.

501 715 660 812 quamvis
678 713 763 785 tune
778 708 945 803 temporis
962 706 1111 803 quletis,
1137 726 1207 778 non
1227 722 1342 785 tamen
1360 700 1593 790 temserunt,
1619 703 1706 799 quin
1809 694 1823 721 ‘

503 810 640 909 possent
670 808 855 901 aliquando
891 806 1054 885 turbati,
1088 804 1213 897 procul
1247 800 1355 875 dubio
1381 800 1469 871 nihil
1507 801 1628 873 sllbaiir
1656 802 1705 873 ob
1748 858 1754 865 .
1904 888 1905 891 Ἴ

506 926 689 1005 paccatum
724 902 908 995 Belgium,
941 902 1065 972 necin
1098 899 1200 981 vita,
1236 920 1303 969 nec
1343 892 1422 987 post
1460 894 1596 969 obitum
1636 900 1707 971 cla-
1904 893 1906 1005 l

508 1006 580 1077 rius
609 1021 793 1093 uniquam:
828 999 924 1091 quod
957 991 1160 1087 neglexisse,
1185 1014 1250 1065 nec
1274 991 1448 1063 immerito
1472 992 1571 1063 multi
1593 992 1710 1065 mirati
1905 1008 1906 1021 ¹

391 1144 395 1154 ·
509 1096 599 1173 sunt.
651 1092 798 1167 Constat
824 1092 975 1166 enimin
1006 1112 1119 1161 rerum
1135 1090 1257 1161 natura
1281 1087 1364 1159 nihil
1381 1082 1448 1157 elle
1479 1107 1548 1159 tarn
1570 1086 1709 1166 firmum

510 1219 554 1267 ac
574 1190 714 1273 stabile,
740 1190 835 1285 quod
869 1184 979 1259 traditi
1005 1186 1173 1280 temporis
1192 1207 1263 1257 non
1278 1185 1711 1277 concidat‚muteturquer

513 1314 618 1385 quam
637 1288 684 1359 ob
706 1308 778 1358 reni
795 1284 834 1355 dt
857 1283 926 1356 hoc
950 1282 1073 1353 rationi
1094 1278 1285 1355 consonum
1309 1278 1506 1372 judicatur,
1532 1279 1713 1353 consulere

513 1388 634 1470 fame,
661 1384 802 1476 quando
819 1373 962 1451 honeste
976 1378 1080 1463 licet,
1098 1378 1236 1471 potius,
1249 1373 1352 1467 quiin
1371 1372 1490 1467 sponte
1506 1375 1711 1449 inhaerendo

515 1476 688 1553 imn'reosis
703 1476 854 1549 fortune
872 1474 1065 1557 illecebris,
1089 1473 1227 1543 tandem
1247 1471 1291 1543 ed
1305 1472 1473 1558 evadere,
1498 1492 1537 1543 ut
1550 1492 1630 1565 agat
1645 1494 1710 1561 ea,

517 1598 599 1671 quae
614 1573 724 1655 solet3
747 1595 789 1644 ac
808 1594 864 1645 res
886 1569 1040 1662 alioquin
1064 1569 1228 1641 mortales
1257 1566 1388 1650 novis,·
1409 1590 1450 1642 ac
1479 1565 1618 1639 sinistris
1641 1566 1712 1639 su'c·

518 1670 661 1744 ceffibur
680 1666 820 1763 prorsus
839 1667 1028 1745 obliteret,
1062 1664 1114 1737 uti
1149 1665 1288 1747 multia,
1313 1658 1422 1755 iisque
1444 1662 1529 1733 viria
1555 1666 1714 1737 maximia

348 1784 480 1861 Oportet·
519 1767 759 1861 saepenumero
776 1764 914 1837 accidit.
962 1757 1077 1832 Fuere
1094 1758 1219 1845 etiam,
1241 1759 1400 1853 quicum
1418 1756 1463 1829 de
1482 1756 1711 1831 Matrimonio

345 1878 391 1921 Μ
417 1860 469 1917 1³0·
521 1864 624 1935 Arne
644 1882 723 1933 cum
741 1858 883 1951 Philippo
893 1877 1074 1949 ageretur,
1090 1853 1289 1948 judicarunt
1305 1851 1515 1926 utilissimum
1534 1853 1716 1948 Reipubli'
1767 1862 1805 1929 Ο
1908 1868 1909 1905 l

229 2042 234 2051 ι
342 1958 405 2021 82⁹¹
417 1952 483 2027 ’⁸9⁴²
522 1980 596 2045 cae,
621 1954 646 2026 fi
671 1951 748 2025 Rex
766 1953 810 2024 ad
830 1951 1022 2025 ducendam
1039 1948 1238 2024 uxorem-in
1255 1949 1411 2042 Belgium
1428 1952 1583 2039 veniret,
1610 1972 1715 2047 atque

345 2020 480 2155 ’⁶2‘ssssss
522 2055 573 2125 ibi
590 2074 654 2145 ptr
678 2049 820 2142 aliquod
846 2065 986 2143 tempus
1008 2067 1182 2133 maneret,
1208 2044 1289 2118 etim
1314 2054 1446 2119 cer'tuin
1474 2045 1556 2119 esset
1580 2049 1717 2141 proprii

348 2172 381 2229 eo
403 2174 434 2228 in
521 2146 697 2239 Principis
715 2166 784 2215 tam
800 2143 994 2228 moderati,
1013 2139 1050 2215 ἃ
1068 2141 1153 2216 boni
1169 2140 1372 2235 presentia,
1397 2142 1569 2236 quidquid
1588 2146 1663 2218 odil
1680 2146 1717 2216 in

349 2248 476 2321 Bergion
524 2241 702 2339 Hispanos
720 2236 882 2332 Protegit
897 2240 1001 2331 vigor
1023 2236 1254 2331 severitasque
1273 2234 1505 2319 conflaverat,
1522 2236 1627 2313 sacild
1639 2240 1720 2313 abo·

349 2318 496 2479 33:¹st
526 2341 590 2413 leri
611 2334 790 2431 potuisse,
815 2358 920 2430 atque
941 2336 991 2405 ita
1018 2333 1136 2409 denuo
1166 2333 1335 2427 componi
1358 2331 1592 2429 Respublica,
1618 2356 1656 2408 ut
1678 2336 1716 2407 j„
1754 2418 1757 2425 Ι

351 2479 411 2537 ean
432 2492 497 2536 m,
526 2434 701 2531 posterum
718 2431 824 2506 etiam
839 2426 978 2503 absente
995 2427 1095 2539 Rege
1112 2428 1147 2500 iti
1167 2427 1303 2516 officio,
1323 2426 1524 2521 summaque
1546 2428 1719 2527 prosperi.

527 2552 599 2605 tate
617 2524 772 2604 mansura
786 2524 902 2600 fuerit.
933 2523 1006 2598 Sed
1023 2522 1151 2597 etiamsi
1167 2528 1238 2599 hoc
1252 2524 1300 2597 ita
1317 2522 1420 2614 esset,
1437 2524 1517 2600 clim
1537 2548 1650 2601 tamen
1667 2525 1718 2601 es-

527 2625 658 2701 seslum
676 2646 748 2696 non
762 2620 889 2709 fuerit,
908 2618 1091 2697 vetifinrile
1109 2618 1250 2695 estalias
1267 2642 1429 2714 urgentes
1447 2622 1495 2694 ob
1514 2622 1631 2699 causat
1645 2623 1721 2698 fieri

528 2744 602 2795 non
615 2716 777 2814 potuisse.
827 2718 1005 2791 Ceterum
1018 2716 1097 2791 Rex
1116 2738 1196 2789 cuni
1211 2715 1283 2809 jam
1303 2716 1459 2795 crederet
1479 2721 1646 2815 expedire
1663 2720 1722 2792 Ai-

529 2824 648 2893 bariruir
665 2814 844 2901 revocari,
860 2812 1005 2887 Ducem
1031 2814 1252 2899 Medinaecelr',
1278 2814 1414 2909 generis
1432 2813 1612 2889 nobilitate
1635 2820 1722 2891 inter

529 2910 710 3007 Hispanos
725 2913 972 3005 praecipuum,
996 2931 1037 2983 ac
1052 2930 1190 2981 motum
1211 2910 1372 2994 lenitate,
1399 2931 1440 2987 ac
1463 2909 1629 2986 facilitate
1647 2911 1724 2988 Bel·

532 3009 621 3105 glcis
637 3004 825 3100 insigniis*
844 3006 1144 3081 accommodatum
1159 3007 1196 3077 in
1215 3004 1335 3081 Albani
1346 3007 1464 3079 locum
1477 3005 1681 3103 surrogavit.

580 3099 717 3176 xxii.
740 3100 862 3176 Mense
879 3100 1013 3173 Martio
1030 3099 1181 3196 ejusdem
1205 3103 1288 3173 anni
1305 3098 1474 3177 millesimi
1492 3101 1720 3199 quingentesi-

533 3202 583 3273 mi
599 3192 857 3295 septuagesimi,
877 3216 947 3269 tter
958 3197 1216 3271 Germanorum
1228 3198 1390 3273 cohortes
1408 3221 1450 3271 ex
1465 3220 1632 3294 quatuor,
1644 3223 1726 3294 qiiae

531 3294 786 3370 valentiniana
814 3293 836 3384 †
865 3294 903 3364 in
932 3290 1095 3386 praesidio
1130 3313 1247 3378 erant,
1279 3296 1396 3388 gravit
1429 3296 1556 3371 incessit
1581 3296 1726 3382 seditio,

533 3415 614 3486 quae
637 3388 700 3464 nisi
735 3387 813 3484 post
834 3390 991 3485 quinque
1014 3388 1179 3463 mensium
1201 3387 1349 3484 spatium
1372 3389 1487 3465 sedata
1521 3390 1590 3464 est:
1618 3394 1726 3465 multa

532 3488 672 3560 interim
708 3482 898 3557 insolentie
925 3507 1053 3577 genera
1077 3486 1343 3579 perpetrfarunt,
1366 3484 1517 3581 primum
1540 3491 1575 3562 in
1603 3490 1727 3561 Hunni-

535 3584 638 3657 ltlenr
664 3583 708 3655 de
735 3580 881 3667 Ledroi,
907 3580 1059 3653 Comitis
1075 3583 1213 3659 Alberr'rr'
1230 3582 1378 3655 Ledrorir'i'
1399 3582 1515 3657 locum
1532 3605 1726 3674 tenentem,

521 3677 710 3753 ,deinde-in
719 3673 830 3769 ipsum
848 3678 993 3751 Comitem
1005 3674 1190 3759 Ledroni'iini
1202 3726 1211 3761 ,
1224 3678 1287 3771 qui
1303 3680 1411 3770 pauld
1423 3700 1502 3755 ante
1510 3682 1555 3755 ed
1567 3702 1726 3771 venerat,

536 3774 707 3868 nihilque·
721 3793 794 3847 uou
818 3790 989 3857 tentarat,
1013 3790 1052 3847 ut
1075 3796 1135 3847 eos
1161 3773 1341 3867 placaret,
1370 3800 1474 3869 quem
1489 3800 1560 3871 ·per
1579 3798 1725 3875 quatuor

536 3870 611 3945 fere
628 3866 759 3943 menses
786 3870 824 3943 in
850 3871 991 3942 vincula
1017 3890 1094 3941 coin
1123 3866 1270 3965 edesque
1297 3872 1525 3965 conjectum,
1556 3874 1726 3968 variisque

538 3966 841 4053 contumeliosae
862 3964 997 4059 injuriis
1014 3962 1080 4041 affe
1119 3989 1177 4041 um
1186 3970 1362 4063 captivum
1381 3971 1571 4051 detinuere.
1592 3972 1727 4045 Milites

520 4079 670 4155 ,quarte
690 4063 861 4146 cohortis,
869 4064 932 4155 qui
952 4058 1022 4135 sese
1039 4064 1076 4137 iu
1094 4062 1240 4146 aliorum
1257 4062 1456 4146 societatem
1466 4088 1537 4139 non
1549 4067 1727 4152 dederant,

538 4178 621 4231 cum
640 4156 837 4250 periculum
856 4154 960 4245 esset,
977 4182 1022 4231 ne
1036 4175 1095 4235 aut
1112 4159 1131 4233 a
1150 4156 1313 4233 seditiosa
1335 4159 1428 4237 male
1457 4162 1727 4251 mulslarentur,

533 4271 598 4331 aut
614 4272 693 4331 curu
709 4254 776 4325 illis
794 4252 935 4330 tandem
957 4252 1026 4348 sese
1042 4254 1253 4352 conjungere
1279 4276 1510 4355 cogerentur,
1536 4261 1579 4337 ab
1605 4261 1728 4333 Albano

681 4429 686 4440 ,
893 4406 899 4416 ,
1299 4388 1347 4399 ·’
1516 4376 1729 4435 sinim

663 4436 825 4511 *Poride
856 4443 1014 4531 ingeniis.
1069 4438 1075 4447 '
1121 4438 1457 4547 'i’Valencenir.''
1515 4380 1643 4461 ᾳ
