3984 5167
541 476 626 586 508
683 463 719 571 J.
748 458 795 547 n.
825 478 897 547 ne
923 427 1177 596 Tussis
1219 444 1611 589 contuntur.

398 678 501 755 1590.
545 656 673 756 potuit.
709 650 782 724 Sed
797 647 937 731 tandem
951 641 1121 738 superatis
1148 640 1313 715 omnibus
1332 636 1615 726 difficultatibus,
1633 642 1737 740 oppi-

544 759 628 828 dum
651 747 831 821 tormentis
847 740 1021 837 quassum,
1046 737 1137 811 sastl
1153 740 1348 833 irruptione
1374 738 1414 809 vi
1434 760 1576 833 captum
1598 738 1674 827 est,
1701 743 1740 815 δι

548 852 703 925 Dulrrnoe
713 894 724 929 ,
750 842 835 913 sicut
852 841 1045 932 Lar'gninm,
1070 833 1297 908 conservandi
1311 832 1385 927 ejus
1403 854 1490 906 cura
1506 834 1637 909 relide.
1661 836 1741 907 Cae·

549 934 662 1017 terum
683 962 763 1012 curn
782 960 896 1011 rerum
915 936 959 1006 ad
974 933 1175 1005 ulteriorem
1201 930 1416 1025 oppidorum
1442 933 1741 1027 oppugnationem

548 1034 811 1113 necessariarum
836 1052 933 1104 tanta
961 1028 1044 1099 esset
1064 1028 1241 1115 tenuitas,
1276 1029 1326 1099 nil
1340 1027 1457 1120 potuit
1472 1047 1557 1100 tunc
1574 1032 1742 1123 temporit

554 1135 700 1228 amplius
717 1128 854 1203 tentari.
897 1123 1101 1197 Accedebat
1115 1123 1161 1195 ad
1179 1122 1277 1205 haec,
1300 1122 1395 1216 quod
1415 1140 1484 1194 tam
1501 1126 1663 1217 exiguam
1685 1148 1744 1219 pe-

551 1234 667 1303 cuniae
688 1227 853 1299 summam
878 1216 1060 1312 Parmenfir
1076 1216 1193 1291 secum
1210 1218 1420 1295 adduxerat,
1446 1239 1486 1290 nt
1500 1216 1654 1316 deesset,
1672 1245 1741 1315 quo

550 1330 674 1419 aliquo
701 1325 805 1395 modo
831 1320 930 1391 miles
953 1318 1019 1401 ali,
1048 1316 1086 1387 in
1109 1313 1295 1409 officioque
1317 1316 1488 1388 contineri
1506 1313 1624 1409 posset
1643 1343 1652 1389 :
1674 1317 1742 1411 jam

552 1426 648 1495 enim
668 1416 827 1512 neglecto
840 1414 1055 1509 superiorum
1071 1411 1243 1505 imperio,
1269 1408 1423 1507 specioso
1438 1434 1615 1504 praetextu
1632 1433 1748 1485 arcer.-

554 1520 611 1591 dae
637 1514 759 1598 samis,
793 1515 905 1585 varias
933 1512 971 1580 in
993 1526 1110 1604 parter
1133 1528 1340 1592 excurrere,
1367 1510 1403 1580 &
1424 1509 1554 1579 amicos
1582 1532 1684 1603 aeque
1706 1532 1745 1581 ac

555 1616 717 1687 inimicos
739 1632 865 1682 vexare
892 1623 1070 1700 coeperat:
1115 1606 1171 1674 cui
1198 1603 1420 1676 incommodo
1439 1607 1586 1675 omnino
1615 1605 1746 1679 necesse

554 1731 633 1787 erat
653 1707 851 1803 provideri,
877 1726 957 1775 cum
987 1720 1123 1773 certum
1144 1698 1226 1773 esset
1248 1702 1284 1771 ni
1310 1702 1381 1769 tale
1404 1701 1552 1771 militum
1582 1703 1747 1773 indebita

557 1807 706 1879 licentiae
734 1802 944 1895 principium
977 1815 1238 1890 amputaretur,
1268 1797 1419 1868 marimo
1445 1798 1633 1889 aliquando
1655 1795 1746 1892 apud

558 1902 685 1975 Gallos
708 1901 810 1970 rebus
823 1893 1022 1990 Hispanicis
1037 1913 1249 1965 nocumento
1266 1889 1447 1975 futurum,
1471 1914 1512 1963 ut
1532 1894 1745 1987 posteacun-

559 2000 664 2092 tigit:
689 1998 737 2068 ita
753 2014 790 2066 ut
810 2015 881 2064 non
896 2014 941 2063 ex
952 1990 1102 2061 minimis
1119 2010 1330 2061 memoretur
1349 1985 1480 2072 causrs,
1506 1989 1745 2083 quaesaelicem

561 2094 767 2169 carumdem
788 2086 923 2161 cursum
938 2089 1076 2159 tandem
1095 2082 1354 2179 interruperint.
1379 2082 1533 2157 Venerat
1547 2089 1645 2157 etiam
1661 2086 1746 2157 Pat-

559 2185 673 2281 rnenſss
697 2189 741 2259 ad
767 2185 870 2257 unius
893 2184 1030 2254 Lutetia
1049 2180 1264 2254 obsidionem
1282 2181 1490 2265 levandam,
1517 2206 1584 2275 quo
1602 2183 1749 2255 obtento

566 2308 637 2359 nou
657 2285 761 2357 licere
777 2282 984 2365 videbatur,
1009 2275 1203 2355 Provinciis
1230 2275 1294 2349 fibi
1320 2278 1463 2349 creditis
1489 2274 1597 2371 (quas
1622 2281 1751 2351 inuitur

561 2382 774 2475 reliquerat,
796 2398 946 2471 quaeque
963 2375 1066 2447 etiam
1092 2373 1170 2446 suos
1193 2374 1369 2447 habebant
1389 2376 1607 2467 peculiares,
1633 2376 1750 2447 &non

564 2473 840 2553 contemnendos
873 2470 1012 2567 hostes)
1048 2471 1107 2543 diu
1133 2468 1255 2544 abesse.
1307 2466 1546 2556 Quamobrem
1573 2468 1754 2565 defignatir

569 2574 613 2649 ad
633 2570 876 2647 soederator-um
900 2568 1197 2643 conservationem
1211 2564 1290 2639 satis
1311 2568 1411 2639 bonis
1423 2568 1554 2663 copiis,
1573 2589 1664 2661 quae,
1676 2591 1756 2641 cum

563 2668 642 2765 ipse
659 2668 818 2763 Belgium
843 2664 1031 2763 attigisset,
1055 2687 1135 2737 cnm
1158 2664 1331 2737 Dumeraeo
1347 2686 1592 2749 remanerent,
1618 2662 1754 2759 ejusque

566 2770 696 2840 starent
720 2765 912 2847 mandatis,
938 2759 1079 2835 tandem
1095 2762 1139 2833 ed
1165 2757 1284 2832 versus
1304 2783 1383 2831 cum
1409 2763 1560 2834 exercitu
1580 2761 1758 2855 proserius

566 2862 632 2934 est.
668 2860 776 2953 Quod
795 2862 854 2933 ubi
875 2861 1031 2929 Henrr'tas
1046 2857 1236 2950 coguovit,
1259 2858 1534 2930 continuorum
1553 2858 1648 2927 mille
1663 2862 1759 2953 quin·

326 3012 330 3021 »
439 3033 443 3039 ,
564 2960 684 3051 gentis
703 2956 874 3050 expeditis
892 2954 1161 3049 equitibuoeum
1169 2948 1343 3025 insecutus
1358 2952 1427 3036 est,
1444 2976 1483 3025 ut
1497 2954 1517 3026 Ξι
1529 2975 1646 3047 tergo,
1657 2976 1758 3047 quan·

571 3070 647 3125 tum
666 3051 778 3147 puiset
796 3050 918 3125 assidue
930 3046 1118 3124 lacesseret.
1150 3048 1318 3143 Dumque
1337 3050 1407 3123 hoc
1426 3048 1540 3123 facere
1554 3073 1628 3122 non
1641 3050 1757 3138 cessat,

568 3150 729 3245 quodam
746 3150 822 3231 die,
849 3149 964 3242 primo
982 3147 1157 3235 diluculo,
1174 3168 1257 3220 cum
1277 3145 1349 3240 jatn
1376 3150 1547 3219 exercitus
1574 3147 1760 3243 Fumcyrru,

575 3246 892 3342 ubipernoslarat,
910 3244 1147 3338 relinqueret,
1175 3264 1397 3337 coeptumque
1420 3245 1486 3315 iter
1501 3242 1668 3338 prosequi
1694 3246 1761 3315 uel-

574 3342 647 3429 let,
672 3363 741 3415 tam
761 3339 878 3436 prope
898 3340 1052 3427 accesit,
1076 3361 1115 3412 ut
1131 3340 1308 3432 Parmensts
1334 3336 1402 3412 sese
1420 3340 1463 3411 ad
1488 3362 1645 3435 pugnam
1669 3363 1764 3435 para·

575 3439 685 3526 verit,
705 3436 896 3532 infestaque
916 3436 1011 3531 figna
1028 3438 1064 3507 in
1076 3434 1207 3509 hostem
1224 3431 1345 3508 inserti
1359 3433 1509 3530 jusserit,
1533 3458 1617 3531 quo·
1629 3441 1766 3510 territur

576 3532 735 3607 Heurr'rus
751 3532 916 3628 fugientia
941 3532 1046 3606 instar
1058 3530 1128 3605 sese
1157 3532 1315 3625 recipere
1337 3530 1479 3606 euodius
1497 3531 1589 3620 suit,
1613 3531 1766 3607 ulterius·

578 3650 647 3727 que
666 3628 865 3722 Parmensem
883 3626 1017 3723 insequi
1032 3626 1171 3703 destitit.
1198 3626 1421 3716 Quitandem
1429 3626 1573 3722 Guifiarn
1587 3634 1769 3726 pervenit,

578 3748 687 3822 atque
704 3727 786 3801 inde
802 3727 988 3801 Bruxellam
1008 3724 1069 3809 sub
1087 3724 1190 3799 finem
1207 3726 1287 3799 anni
1300 3723 1334 3798 se
1351 3728 1519 3814 contulit,
1537 3748 1604 3799 nec
1617 3730 1769 3799 nonDu·

579 3846 715 3897 moruus
732 3825 844 3921 copiis
866 3822 930 3896 sibi
946 3818 1097 3907 reliiiie,
1121 3820 1326 3917 opportune
1347 3820 1543 3915 dispositis,
1570 3820 1763 3919 Sueffloniin

581 3918 766 4015 praesentia
781 3918 946 3994 consedit.
978 3917 1181 4014 Expetebat
1202 3914 1379 4011 Parmersts
1397 3941 1573 3993 remanere
1593 3941 1672 3993 cum
1694 3920 1763 3990 Du·

582 4038 698 4089 uruaeo
715 4012 878 4113 Yaffiuru,
903 4014 959 4090 sed
977 4038 1061 4091 cum
1078 4038 1121 4089 ex
1140 4015 1241 4110 gravi
1254 4018 1426 4098 vulnere,
1455 4016 1552 4111 quod
1570 4019 1606 4088 in
1626 4013 1764 4087 Catulle

585 4109 765 4185 obsidione
782 4112 826 4185 ab
843 4110 959 4187 hostili
975 4112 1148 4205 sclopotto
1159 4131 1360 4206 acceperat,
1379 4110 1574 4204 periculose
1584 4110 1775 4183 admodum

585 4204 780 4292 laboraret,
804 4206 877 4304 ipse
895 4210 1058 4283 etiamad
1075 4210 1284 4284 meliorem
1301 4211 1516 4288 curationem
1531 4206 1717 4287 drusillam
1729 4203 1775 4277 ad

584 4298 668 4387 inor
681 4322 825 4399 penates
838 4301 970 4389 lertio
983 4303 1029 4384 se
1046 4302 1231 4387 tramsmi
1245 4304 1402 4387 cunum.
1438 4412 1445 4426 „
1667 4390 1761 4474 m
