3984 5167
409 502 720 649 Litana,
771 550 1240 663 Quintus.
1375 574 1459 675 aar

256 744 1724 857 ‚QMQQQQQQWmfflQmuw.·

256 896 284 940 „
306 870 346 920 ac
365 847 432 916 frui
454 867 648 939 poterunt,
675 866 717 916 eo
735 844 896 915 nimirum
934 844 1022 916 statu
1040 866 1080 917 ac
1102 846 1294 937 qualitate,
1326 853 1451 943 quibus

257 939 601 1036 „inpraesentiarum
626 940 685 1010 illa
711 938 783 1032 ipsa
806 941 1041 1033 reperientur,
1066 939 1174 1034 idque
1192 942 1292 1013 omui
1313 944 1395 1019 dolo
1413 970 1455 1023 ac

254 1037 426 1133 „fraude
454 1037 621 1107 semotis:
657 1058 730 1107 non
758 1034 915 1108 obstante
940 1038 1011 1115 ulla
1040 1035 1358 1131 Hypotecatione,
1394 1063 1454 1117 ant

253 1135 425 1229 „quavis
452 1134 662 1205 alienatione
693 1131 893 1223 atempore
910 1131 1011 1206 Pacis
1037 1129 1279 1207 Gandavenlis
1303 1131 1394 1205 faeta
1415 1138 1452 1210 irt

253 1226 1452 1329 „mmmm3fflmhbmaemfflmfflmmRfflwm

252 1375 280 1421 ‚‚
303 1326 470 1397 exercitio
493 1322 788 1415 disponentibus,
827 1320 970 1395 inferius
996 1324 1232 1415 subjicientur.
1285 1324 1450 1401 Similiter

253 1472 281 1514 ‚,
303 1421 527 1493 restituentur
546 1421 665 1489 liberae
690 1414 881 1509 poliellroni
912 1420 1066 1490 omnium
1092 1422 1268 1493 mobilium
1286 1470 1303 1508 ,-
1327 1425 1450 1497 titulu-

253 1564 281 1611 ,‚
303 1538 406 1597 rum,
437 1512 610 1588 astionum
632 1508 878 1585 &debitorum
894 1534 964 1586 non
987 1516 1225 1588 alienatorum.
1254 1567 1260 1577 .

302 1662 329 1705 „
353 1609 550 1684 CLXXIII.
571 1606 666 1696 Quae
688 1631 775 1681 vero
793 1630 873 1679 ante
892 1608 1016 1682 Pacem
1032 1608 1300 1685 Gandavensem
1315 1616 1450 1689 accido

217 1702 219 1710 ⁴
252 1757 282 1803 ,‚
303 1729 411 1793 runt,
437 1705 587 1801 ejusdem
612 1700 826 1797 dispositioni
855 1707 1127 1799 relinquuntur,
1157 1710 1448 1801 quemadmodum

251 1852 280 1901 ‚²
302 1807 407 1878 etiarn
427 1799 641 1896 dispositioni
659 1798 748 1886 XV,
765 1798 862 1873 XVI.
879 1803 1103 1877 articulorum
1123 1802 1270 1898 ejusdem
1283 1803 1449 1882 Pacifica-

251 1948 288 1993 η
301 1902 407 1973 tionis
443 1894 685 1971 Gandavensts
712 1897 955 1991 relinquuntur
972 1900 1102 1970 redime
1119 1900 1156 1973 &
1173 1924 1298 1986 onera,
1316 1907 1446 1995 quibua

251 2044 280 2089 ‚‚
302 1997 394 2071 diua
415 1994 510 2069 bona
527 1994 719 2067 immobilia
733 2014 922 2088 gravantur
943 1992 1110 2090 usquead
1129 1998 1288 2069 ouantia.
1300 1998 1447 2075 Domini

252 2090 670 2189 „mmmestumffl.

301 2240 329 2281 „
353 2116 554 2264 cuxxli.
586 2186 754 2261 Similiter
775 2208 919 2284 quoque
945 2184 1161 2262 subditorum
1187 2188 1338 2284 quilibet
1361 2191 1446 2265 hinc

253 2288 383 2379 „inde
425 2284 751 2379 redintegrabuntur
774 2286 810 2356 in
835 2284 904 2358 suis
918 2286 1134 2372 bonoribus,
1157 2285 1384 2378 dignitatibus
1409 2290 1447 2361 dt

250 2380 478 2476 „beneficiis
506 2378 782 2467 Ecclesiasticit,
820 2383 921 2455 novis
947 2380 1253 2475 Episcopatibus,
1287 2384 1447 2457 omnibus

250 2481 507 2575 „dignitatum
538 2498 579 2549 ac
608 2474 855 2549 beneficiorum
884 2476 1223 2569 incorporationibus
1251 2478 1446 2567 cessaturis,

253 2622 281 2669 „
304 2577 621 2669 &inperpetuum
642 2569 832 2643 abolendis.
858 2570 1023 2642 Similiter
1038 2573 1295 2665 recuperabunt
1319 2578 1448 2664 guber.-

253 2716 282 2763 ,‚
304 2673 492 2752 nationes,
515 2664 649 2753 officia,
675 2666 713 2740 δι
741 2663 938 2738 funiliones
964 2666 1124 2761 publicas
1150 2669 1266 2741 adhuc
1284 2672 1359 2766 aliis
1377 2694 1447 2743 nou

252 2812 281 2859 ,‚
304 2768 467 2847 collatas,
494 2762 556 2836 nili
575 2762 695 2835 malint
711 2762 888 2835 moderata
900 2761 1180 2854 comperdatione
1197 2763 1263 2838 elle
1279 2770 1445 2839 contenti

253 2908 282 2955 ,‚
304 2862 379 2936 Illis
395 2861 481 2935 verd
508 2881 663 2957 quorum·
688 2854 860 2932 officia&
890 2854 1088 2932 funiliones
1106 2862 1179 2933 aliis
1194 2864 1264 2955 jam
1280 2860 1355 2934 sunt
1376 2857 1449 2936 coi

252 3006 281 3053 ‚‚
302 2961 401 3042 latae,
426 2955 617 3050 aequalibua
633 2954 693 3029 liet
707 2952 942 3050 compensatio
959 2957 1049 3028 intra
1059 2977 1207 3050 quatuor
1217 2958 1359 3045 menses,
1370 2959 1448 3054 post

250 3102 280 3149 „
300 3078 424 3152 pacem
442 3052 674 3147 publicatam,
697 3048 977 3127 discernenda&
994 3050 1173 3127 statuenda
1195 3077 1260 3144 per
1292 3056 1448 3131 commis·

252 3198 281 3244 ‚,
302 3154 406 3227 satior
424 3151 509 3223 ltine
531 3150 613 3222 inde
638 3147 930 3234 committendos,
965 3170 1010 3220 ne
1035 3150 1072 3222 in
1096 3146 1170 3244 ipso
1193 3148 1449 3225 Pacificationis

251 3292 281 3341 ‚‚
301 3248 496 3345 principio,
521 3246 559 3320 dr
583 3244 651 3320 fine
675 3246 837 3342 priorum·
857 3244 1103 3338 tumultuum,
1138 3268 1235 3317 nova
1268 3248 1447 3317 turbarum

249 3388 279 3434 ‚‚
302 3343 458 3421 nascatur
475 3339 614 3418 occasio
624 3365 640 3429 5,
659 3340 801 3438 proviso
823 3362 935 3414 tamen
954 3340 1052 3433 quod
1072 3339 1243 3434 ejusmodi·
1260 3341 1448 3414 denuore·

251 3483 280 3529 ,‚
302 3440 520 3534 dintegrandi
539 3440 749 3513 tenebuntur
767 3434 927 3531 praestate
938 3434 1198 3530 jusjurandum,
1223 3436 1323 3532 cujus
1345 3441 1382 3509 in
1400 3436 1448 3509 se·

252 3578 281 3625 „
303 3538 425 3630 quenti
439 3537 585 3609 articulo
602 3533 644 3609 fit
660 3534 816 3616 mentio,
840 3552 947 3626 prout
969 3528 1080 3605 futuri
1101 3555 1244 3629 quoque
1263 3538 1383 3608 caeteri
1403 3531 1457 3606 ad

252 3654 412 3721 „novas
441 3628 637 3705 sunftioues
660 3630 699 3702 δι
724 3626 838 3704 officia
860 3630 906 3701 im
934 3628 1084 3703 osterum
1105 3628 1292 3704 assumendi
1312 3682 1323 3717 ,
1347 3652 1449 3705 revo-

252 3768 282 3817 „
304 3727 446 3813 cando,
479 3722 657 3816 caliandd,
675 3723 714 3799 dt
731 3726 893 3799 annuum
919 3748 970 3814 o,
994 3727 1169 3823 quidquid
1190 3726 1375 3801 hincinde
1399 3720 1451 3799 sav

250 3865 280 3913 ,‚
300 3820 416 3909 sium,
431 3824 625 3903 dormtum,
651 3823 987 3920 pronuntiatumque
1006 3821 1124 3897 suerit.

300 3968 329 4010 „
352 3916 529 3992 CLXXV.
556 3916 657 3989 Nulli
678 3918 908 3993 admittentur.
930 3920 976 3992 ad
996 3918 1158 3993 Consilia·
1172 3934 1288 3991 rerum
1308 3916 1447 4003 Status,

250 4054 279 4104 „
299 4016 497 4097 Privamm,
522 4012 787 4099 Financiarum,
812 4015 947 4111 aliaque
961 4010 1077 4088 officia
1101 4016 1239 4110 maj0ris
1259 4016 1447 4104 momenti,

251 4152 282 4200 η
302 4112 340 4189 &
356 4110 611 4186 universitatem
628 4107 867 4205 respicientia,
889 4108 950 4183 nili
969 4114 1060 4205 grati
1082 4110 1280 4185 Ordinibus
1306 4135 1449 4209 genera·

254 4246 288 4293 2,
302 4210 413 4295 libus,
431 4230 496 4283 nec
525 4210 569 4281 ad
590 4206 826 4304 gubernacula
846 4202 1456 4295 prouinciarum„Civitatum,Ca·-

254 4338 288 4389 u
304 4300 467 4396 strom,
486 4305 527 4383 δι
539 4303 703 4399 Arrium,
729 4301 1452 4474 Capitacneatus.autPraeseiluraamilituarnn²

474 4466 475 4469 ¹
880 4422 929 4475 ⁶0
954 4422 983 4494 2·
1315 4450 1343 4498 r>
1363 4420 1407 4493 Rs
