3984 5167
463 588 548 677 600
604 582 640 693 J.
668 577 714 668 B.
750 596 824 670 ua
858 572 1104 670 TASSIS
1141 567 1531 673 COMMENT.

318 787 428 876 u5psi.
466 778 559 853 nium
579 768 842 868 transmigrandi
861 772 897 845 in
915 767 1145 867 Hispaniam,
1183 773 1227 847 ad
1257 774 1353 869 quod
1383 775 1522 849 nomine
1547 771 1665 854 Panis

464 896 536 951 non
551 872 668 946 adhuc
683 870 811 942 mortui
828 868 1028 964 respondit:
1052 865 1144 943 filius
1160 887 1315 944 maneret
1331 874 1367 943 in
1385 872 1532 967 Belgio,
1556 895 1666 949 vaca·-

463 991 591 1142 ‘llll
616 969 786 1139 ‘llil
805 965 987 1158 sillia
1004 969 1666 1159 {1⁰”20illl2‘lildl‘lllull

466 1119 619 1261 quocum
642 1162 749 1233 stabat
774 1158 973 1245 serviendo,
1000 1112 1088 1231 ficit
1110 1156 1273 1254 semper,
1308 1160 1450 1256 quando
1474 1121 1666 1257 inopinate

468 1260 580 1333 adsuit
598 1258 715 1331 cursor
728 1278 809 1329 cum
824 1254 946 1328 litteris
963 1256 1100 1348 Philippi
1116 1258 1203 1326 tertii
1218 1256 1357 1329 Vulcatii
1372 1255 1509 1352 scriptia
1529 1258 1664 1334 decimi

465 1357 571 1431 tertii
599 1353 819 1427 Novembris
846 1349 930 1425 dieii
961 1356 1057 1423 Anni
1087 1358 1147 1440 98.
1179 1352 1306 1447 quibus
1329 1352 1574 1427 notificabatur
1604 1358 1663 1441 ei,

467 1453 563 1550 quod
588 1446 740 1547 elegisset
757 1466 835 1521 eum
860 1448 929 1521 Sua
945 1444 1108 1543 Maiestas
1126 1470 1193 1542 pro
1216 1446 1278 1522 suo
1293 1451 1440 1546 legato,
1466 1472 1509 1525 ac
1525 1452 1664 1525 ordina-

468 1551 521 1623 rio
538 1568 696 1632 oratore,
720 1568 825 1641 penes
853 1544 1023 1616 Hentitunt
1047 1561 1194 1637 quartum
1215 1542 1344 1618 Galliae
1368 1546 1526 1641 Regem,
1550 1569 1595 1621 eo
1611 1551 1664 1621 in·

467 1650 567 1720 terim
593 1644 776 1728 mandato,
810 1663 881 1712 non
911 1638 945 1711 se
969 1638 1171 1713 transferret
1196 1637 1356 1715 Galliam
1383 1640 1524 1727 versus,
1547 1643 1666 1719 donec

467 1744 683 1815 mitterentur
699 1741 730 1811 ei
746 1740 871 1812 litterae
892 1736 1141 1823 credentialea,
1167 1756 1364 1833 caeteraque
1383 1738 1595 1813 munimenta
1618 1743 1667 1814 ad

471 1836 577 1911 fimile
605 1858 732 1913 munus
760 1835 1001 1928 exequendum
1027 1830 1217 1921 consueta,
1249 1855 1330 1929 quae
1356 1835 1497 1907 tandem
1515 1837 1665 1928 venete,

469 1932 664 2011 construsia
687 1930 840 2005 Valentia
858 1932 972 2024 primo
989 1926 1049 2003 die
1060 1928 1186 2001 Martii
1200 1930 1297 2003 Anni
1319 1928 1535 2026 nonagesimi
1557 1934 1668 2018 noni,

472 2032 510 2107 δι
538 2052 617 2104 cum
643 2028 770 2123 quibus
800 2024 962 2098 Bruxelli
991 2022 1134 2124 discessit
1167 2045 1222 2118 27.
1248 2026 1281 2098 A
1309 2027 1402 2110 tilis,
1436 2028 1666 2103 &Lutetiam

469 2128 586 2222 attigit
609 2124 704 2196 sexti
729 2121 838 2217 Maji,
867 2125 937 2217 jam
963 2120 1099 2195 mortui
1124 2050 1365 2215 religiofiliime
1392 2124 1515 2196 Heleni
1532 2141 1665 2212 uxore,

469 2246 515 2297 ex
536 2218 686 2305 morbo,
713 2218 774 2312 qui
788 2218 898 2310 vulgo
920 2232 1072 2291 vocatur
1095 2238 1241 2300 cancer,
1267 2240 1338 2310 quo
1354 2216 1589 2290 miserabiliter
1615 2222 1668 2291 la-

470 2321 656 2395 boraverat
687 2314 796 2387 tribus
822 2312 917 2385 annis
944 2310 1147 2398 continuis,
1181 2309 1366 2400 Matrona,
1390 2335 1495 2409 quam
1523 2312 1667 2388 amabat

470 2412 604 2500 unice,
635 2430 781 2507 quaeque
809 2410 856 2481 ob
884 2408 1134 2501 Religionem,
1169 2409 1400 2500 pudicitiam,
1432 2407 1667 2506 plurimasque

472 2510 576 2587 animi
592 2512 713 2593 dotes,
737 2504 910 2589 revereri,
935 2505 1095 2579 &amari
1120 2499 1236 2578 fluerat
1262 2503 1462 2599 dignisiima.

460 2665 465 2679 .
515 2602 617 2679 till.
642 2602 812 2676 Exercuit
829 2600 991 2673 feliciter
1014 2598 1142 2671 didiam
1159 2601 1366 2695 legationem
1382 2599 1491 2697 usque
1512 2602 1548 2674 in
1572 2622 1668 2676 men·

471 2702 541 2781 sem
562 2700 763 2796 ianuarium
781 2698 874 2770 Anni
897 2707 999 2785 1604.
1015 2692 1236 2769 Succedente
1257 2720 1342 2771 tunc
1370 2700 1403 2769 ei
1426 2698 1612 2790 Baitiostre
1626 2702 1667 2772 dt

474 2800 602 2893 Zunigo
619 2819 662 2869 ex
679 2794 802 2869 illustri
817 2792 912 2891 apud
930 2788 1107 2887 Hispanos
1129 2790 1274 2887 Zuniged
1287 2791 1438 2878 familiai,
1463 2815 1567 2888 quem
1584 2797 1668 2867 Psti-

472 2900 596 2991 lt'ppus‚
620 2912 763 2989 petente
781 2914 824 2964 eo
841 2890 978 2962 aulem
999 2908 1105 2963 onere
1122 2888 1281 2977 liberari,
1306 2890 1379 2985 ejus
1405 2891 1441 2962 in
1466 2894 1584 2964 locum
1606 2892 1668 2964 de·

471 2994 507 3065 le
532 2981 877 3154 avetat‚¹'1ussuque,
903 3008 944 3059 ac
962 2986 1056 3059 boni
1069 2984 1170 3057 venii
1189 2983 1272 3058 Suae
1295 2986 1481 3083 Maiestatis
1503 3010 1547 3059 ex
1566 2990 1669 3061 Lute-

476 3014 531 3161 ni
552 3086 667 3158 itineri
704 3108 723 3157 e
747 3078 917 3155 commisit
940 3082 1125 3175 Hispaniam
1150 3078 1268 3154 versus
1284 3080 1380 3156 sexta
1400 3075 1602 3171 Februarii,
1625 3101 1669 3158 ac

474 3185 513 3256 vi
538 3180 641 3257 elimi
657 3179 773 3277 postea
793 3178 916 3268 Martii
929 3179 1133 3250 Validosttum
1144 3234 1153 3264 ,
1164 3177 1226 3250 ubi
1244 3181 1367 3274 agebat
1380 3175 1478 3263 Rex,
1495 3182 1671 3275 pervenit.

525 3276 675 3351 anfitibi
697 3298 764 3373 per
785 3277 959 3369 integrum
978 3295 1127 3359 annum,
1152 3272 1189 3345 δι
1215 3277 1363 3372 amplius
1385 3274 1428 3347 ad
1450 3276 1593 3371 negotia
1609 3274 1672 3350 sua

506 3376 637 3460 rivam,
663 3396 742 3446 cum
770 3394 813 3445 ue
828 3374 969 3444 tandem
985 3393 1025 3443 ea
1055 3369 1100 3440 ad
1125 3367 1276 3443 foelicem
1305 3372 1436 3445 exitum
1463 3370 1670 3456 reduxisset,

514 3494 628 3565 exque
659 3396 772 3563 Regii
801 3466 1006 3539 liberalitate
1031 3464 1167 3541 iabores
1196 3470 1270 3563 eJ’us
1303 3466 1507 3563 prosecutus
1535 3451 1673 3558 fuisset,

307 3596 328 3634 r
342 3584 455 3655 mede·
475 3588 552 3642 erat
577 3568 609 3639 ei
633 3567 766 3637 animus
789 3564 981 3637 reducendi
1009 3559 1046 3633 se
1074 3563 1119 3634 ad
1143 3564 1412 3650 interimendam,
1437 3565 1460 3604 '
1486 3564 1699 3648 Sardorum,

307 3681 424 3751 priuata
474 3667 589 3757 vulgo
617 3660 773 3746 dietam,
806 3684 908 3755 quam
936 3662 969 3731 ei
1006 3659 1170 3752 Phiiippus
1184 3660 1339 3748 secundus
1361 3657 1440 3755 poli
1459 3660 1561 3731 binas
1588 3654 1723 3734 allae*

307 3744 458 3843 '‘PH‘JW'
480 3758 718 3857 praecedentes
737 3758 778 3827 'in
803 3781 880 3830 eum
911 3755 1078 3837 collatas,
1102 3756 1227 3829 ultimo
1253 3757 1407 3828 dederat.
1457 3755 1528 3827 Sed
1559 3758 1676 3829 noluit

313 3822 457 3961 ''fficffn
480 3860 552 3931 hoc
571 3854 642 3927 Sua
662 3852 845 3949 Maiestas,
870 3874 1020 3946 eumque
1038 3852 1073 3927 in
1089 3848 1252 3924 tribunali
1268 3849 1330 3923 suo
1352 3851 1481 3924 bellico
1504 3850 1673 3927 Confilia·

309 3926 358 4047 {⁶2²
372 3980 458 4041 com·
480 3956 566 4027 rium
584 3951 742 4035 creavit„
758 3946 829 4045 qod
844 3948 937 4021 novi
953 3948 1187 4040 occupatione
1212 3949 1367 4020 redditus
1390 3950 1505 4020 denuo
1535 3950 1674 4021 ordina·

313 4064 426 4122 mande·
481 4051 554 4123 rius
570 4047 736 4131 AulicuS,
762 4066 841 4119 cum
859 4043 992 4139 integri
1011 4039 1101 4115 Auli
1127 4044 1310 4115 Modritutn
1334 4046 1453 4128 venit,
1479 4046 1571 4117 unde
1596 4065 1674 4115 tan·

310 4148 365 4205 12⁶·
483 4150 583 4231 dem,
608 4145 655 4216 im
684 4142 792 4215 etratd
811 4140 835 4218 “a
853 4140 952 4233 Rege
972 4138 1030 4211 sex
1049 4138 1213 4214 mensium
1239 4141 1364 4223 venii,
1389 4140 1537 4212 contulit
1560 4135 1595 4210 se
1623 4138 1671 4211 ob

479 4240 621 4339 privata
659 4262 703 4311 ua
734 4263 777 4310 ne
802 4237 875 4312 otia
903 4236 947 4309 ad
975 4231 1100 4307 didam
1126 4236 1400 4337 succurrendum,
1423 4236 1484 4309 ubi
1511 4234 1567 4309 nis
1592 4230 1673 4306 oete

478 4334 753 4414 Commentariis
822 4356 875 4406 em
901 4328 1065 4428 imposuit
1093 4330 1199 4403 Anno
1225 4339 1326 4424 1609.

828 4518 1267 4637 ,urn1st
