3984 5167
452 492 747 585 uiuat
806 481 1207 589 suxuus.
1308 526 1441 622 ‚tao

238 687 449 785 retpopuli‚
476 684 666 759 occafionis
701 665 784 756 satio
809 684 987 780 praebete,
1015 686 1065 756 uti
1090 687 1197 758 ruinis
1224 712 1304 784 quae
1335 716 1435 770 erant
1472 708 1577 805 1583.

237 786 458 883 praeforibus
479 779 682 877 tempestive
708 801 982 869 occurreretur,
1022 784 1189 875 expedire
1212 804 1325 861 tamen
1349 816 1433 869 con.

237 885 342 957 stituit
364 884 512 976 aliquam
538 877 756 951 occasionem
783 874 980 974 exspeblare
1005 932 1016 967 ,
1042 900 1122 971 quae
1149 900 1249 953 tanto
1278 886 1431 983 incoepto

237 978 377 1053 solidum
405 979 578 1077 praeberet
603 973 891 1058 fundamentum,
937 974 1161 1071 insamiaeque
1185 1000 1303 1051 notam
1337 984 1432 1059 domi

233 1076 382 1171 forisque
400 1079 505 1171 plene
519 1094 748 1169 praecaveret.
801 1071 976 1145 Praeterea
1001 1073 1041 1146 δι
1064 1076 1133 1147 hoc
1152 1075 1268 1150 animo
1288 1076 1433 1155 infixum

234 1175 405 1258 habebat,
430 1173 516 1243 nihil
535 1173 622 1243 citra
638 1170 744 1241 animi
760 1165 1009 1241 conscientiam
1027 1190 1131 1263 atque
1146 1170 1344 1247 inconsulto
1355 1177 1433 1249 010·

230 1278 315 1365 pario
340 1273 473 1343 Decimo
499 1270 591 1336 tertio
617 1264 751 1337 summo
777 1262 970 1350 Pontifice,
997 1267 1033 1334 in
1049 1264 1183 1362 Regem
1200 1273 1334 1359 moliri,
1360 1273 1430 1345 alst·

232 1368 300 1442 due
322 1390 363 1439 ea
382 1367 482 1437 dere
501 1359 697 1436 consultans
713 1380 797 1433 curn
805 1361 1213 1459 permutationumque
1226 1368 1432 1444 virisdoffls

230 1463 412 1542 &timetis
429 1460 522 1553 Jeso.
574 1458 734 1552 Cumque
751 1460 907 1529 nondum
925 1454 1038 1528 stabili
1054 1455 1340 1538 sationi-detetur
1368 1469 1434 1539 niti

230 1540 479 1640 fundamento,
506 1556 633 1629 accidit
650 1556 839 1648 negotium
847 1554 884 1625 in
905 1550 1084 1646 presentia
1099 1556 1250 1651 sopitum
1266 1583 1430 1650 manere,

228 1682 269 1733 ac
280 1656 426 1737 filenno
441 1653 631 1749 supprimi,
647 1652 853 1745 Marcumque
865 1651 905 1723 ‘in
919 1647 1123 1745 Hispaniam
1139 1657 1182 1726 od
1197 1656 1432 1732 instruendum

224 1752 335 1851 plene
353 1752 509 1847 Regem,
537 1746 632 1840 Taffit
656 1748 778 1823 litteris
801 1744 929 1821 eisdem
956 1748 1001 1819 de
1025 1750 1126 1823 rebus
1154 1748 1295 1846 scriptis
1323 1759 1431 1831 conti·

225 1870 337 1927 tatum
354 1850 509 1929 reverti,
535 1846 663 1941 quibus
688 1846 815 1919 litteris
836 1840 961 1941 aperte
989 1842 1054 1917 fica
1071 1846 1164 1943 Regi
1197 1846 1431 1943 fignificabat,

223 1972 294 2023 non
312 1944 392 2019 satis
416 1944 534 2019 adhuc
551 1946 589 2015 in
609 1938 717 2033 Guifio
728 1936 796 2017 else
813 1943 967 2014 materiae
985 1943 1029 2014 ud
1042 1944 1430 2027 construetionemtarn

222 2044 314 2123 vasti
329 2064 533 2139 conceptue
584 2035 717 2133 Estque
734 2060 866 2113 certum
890 2039 929 2113 ἃ
946 2040 1045 2111 illum
1060 2041 1105 2114 ·&
1131 2038 1276 2127 statmo,
1301 2066 1428 2119 totam·

164 2150 174 2162 '
223 2164 295 2240 que
316 2162 391 2213 eam
411 2136 774 2231 familiam,.aliosque
790 2136 1015 2231 complures,
1040 2138 1200 2233 quamvis
1220 2143 1429 2227 ambitione,

222 2240 464 2333 indignatione
481 2259 523 2308 ac
546 2256 665 2307 rerum
684 2231 1050 2309 novarumdesrderio
1072 2233 1286 2329 summopere
1307 2237 1433 2337 flagra·
1482 2298 1485 2303 .

221 2348 326 2417 rent,
343 2331 419 2409 sese
436 2354 552 2406 tamen
570 2350 729 2405 moturos
746 2352 818 2403 non
840 2326 963 2414 fuisse,
989 2333 1117 2405 neead
1135 2334 1220 2406 illud
1237 2357 1432 2411 extremum

222 2458 300 2531 quo
319 2431 440 2526 postea
462 2450 624 2511 ventum,
650 2448 813 2520 umquam
831 2424 1096 2591 progressuros,
1123 2430 1160 2500 ni
1186 2449 1324 2525 tempus
1342 2434 1435 2507 acci·

223 2529 347 2605 dentia
376 2524 536 2622 quaedam
563 2523 717 2596 novaad
744 2544 814 2595 rem
846 2522 993 2596 acientia
1019 2522 1089 2616 (de
1108 2525 1235 2620 quibus
1261 2528 1323 2603 suo
1347 2533 1430 2604 loco

223 2622 380 2718 agetur)
406 2621 520 2695 secum
538 2614 716 2693 attulisset.
1189 2676 1194 2684 .
1239 2703 1244 2711 ι

276 2718 411 2797 XXlll.
437 2719 595 2789 Auraitus
608 2716 686 2811 post
705 2738 775 2787 rem
793 2714 815 2788 b
832 2712 947 2787 Gallis
964 2712 1057 2787 male
1082 2717 1233 2813 gestum,
1259 2742 1301 2793 ac
1322 2720 1430 2795 Antio

219 2813 370 2913 gouenstt
388 2810 587 2899 discessum,
614 2832 729 2886 arcem
754 2814 773 2851 ⁴*
799 2814 945 2885 interius
972 2813 1151 2913 civitatem
1170 2816 1291 2890 versus
1312 2816 1430 2891 demo·
1455 2830 1505 2934 ‚A

220 2919 323 2989 litam
342 2911 387 2985 ad
409 2910 461 2984 sui
478 2908 644 3003 majorem
664 2910 885 2983 securitatem
905 2910 1205 2985 &authoritatem
1218 2914 1430 2990 reedificare
1453 2888 1597 3032 ptam·

220 3010 397 3096 tentavit,
422 3006 482 3079 sed
527 3008 656 3102 opulus
668 3026 738 3078 tam
755 3002 924 3079 obstinate
942 3002 1089 3092 restitit,
1115 3030 1280 3103 tantaque
1295 3013 1428 3086 violen-

222 3103 372 3180 tiasese·
388 3124 486 3199 oppo
502 3103 572 3191 uit,
599 3124 637 3174 ut
664 3101 708 3175 ab
736 3124 781 3175 eo
807 3100 990 3197 proposito
1017 3101 1178 3178 desistens
1204 3110 1370 3200 Delphinus
1393 3108 1429 3183 se

221 3199 390 3295 conferre
413 3200 630 3286 decreverit,
658 3220 762 3293 atque
781 3198 831 3269 ibi
843 3197 957 3274 sedem
973 3198 1099 3292 figere,
1122 3202 1428 3296 missoAidegundin

219 3299 479 3393 antverpiam,-
503 3316 541 3369 ut
573 3296 705 3369 civitati
765 3294 900 3381 aeesstt,
925 3320 1069 3387 eamque
1095 3299 1315 3390 gubernaret.
1344 3296 1431 3373 Erat

217 3392 397 3487 Drrpuam
422 3416 465 3465 ex
493 3393 681 3489 ptaecipuie
746 3394 907 3467 ollandiae
933 3391 1184 3465 mediterranea
1210 3394 1358 3479 civitas,
1384 3396 1430 3467 ad

246 3510 333 3561 uam
349 3491 465 3562 nullus
481 3491 607 3559 exteris
622 3490 763 3583 patebat
779 3488 916 3569 aditus,
943 3484 1006 3558 nist
1026 3489 1216 3582 ptiusalias
1230 3488 1429 3587 pertranfis·
1468 3536 1473 3543 -

214 3512 333 3669 sent,
359 3587 422 3658 ubi
448 3580 571 3655 enable
594 3586 745 3679 cognitis
775 3580 813 3656 δι
840 3584 1031 3677 exploratis
1067 3588 1237 3674 advenis,
1265 3588 1443 3660 credebat.

215 3682 301 3757 fore
321 3682 489 3753 neminem
509 3682 679 3754 ullatenus
703 3675 867 3775 possead
886 3679 919 3751 se
946 3702 1149 3773 penetrate,
1175 3686 1237 3776 qui
1263 3682 1326 3754 sibi
1346 3680 1430 3754 esset
1452 3710 1456 3716 ·

215 3778 453 3865 metuendus,
479 3778 584 3871 longe
603 3798 720 3849 tamen
737 3776 842 3847 aliter
860 3776 1012 3859 accidit,
1037 3799 1076 3849 ut
1092 3778 1182 3851 infra
1206 3781 1354 3851 dicetur.

273 3872 407 3949 XlllV.
448 3872 609 3965 Philippus
625 3876 731 3946 etiam
749 3872 819 3946 hoc
838 3894 928 3945 anno
949 3871 1042 3943 misit
1064 3874 1286 3945 Morcbionent
1308 3873 1431 3945 Soneio
1452 3881 1577 3941 Marcio

205 3972 336 4045 ,oraro
356 3992 438 4045 oum
461 3970 622 4067 pluribus
641 3970 796 4042 navibus*
813 3970 987 4051 rostratis,
1014 3970 1069 4041 bis
1099 3968 1186 4041 senis
1204 3970 1429 4056 triremibus,
1453 3959 1585 4095 {cents

217 4093 266 4143 ac
295 4066 440 4164 copioso
464 4067 611 4141 militum
641 4086 822 4146 numero,
843 4066 887 4137 ad
915 4063 1043 4137 Gallos
1064 4064 1197 4138 Territa
1216 4066 1405 4162 ejiciendos
1416 4089 1428 4151 3
1452 4056 1579 4175 '02:2⁶2sp

216 4169 322 4257 quod
343 4188 414 4239 tam
441 4160 652 4237 fortiterille
683 4160 854 4257 aggressus
877 4162 950 4250 est,
975 4183 1015 4235 ut
1032 4183 1121 4235 voto
1144 4164 1302 4258 potitus,
1327 4162 1429 4239 visits
1452 4196 1585 4267 „mm-,s

215 4260 379 4335 hostibus
399 4284 451 4335 ac
480 4262 657 4333 nonnullis
686 4257 852 4354 supremo
881 4256 1056 4355 supplicio
1072 4256 1225 4347 affeffis,
1252 4282 1428 4357 tamquam

213 4353 324 4461 pacis
345 4354 782 4463 publicaeiinsralloribus,
806 4355 957 4432 Insulam
976 4357 1013 4433 in
1031 4352 1140 4453 Regio
1155 4356 1430 4524 ροῑείὶιῑειέιετε·

1182 4462 1186 4470 ’
1371 4470 1454 4544 lat-2
