3984 5167
389 550 687 651 tronis
742 480 1215 669 Quru‘rus.
1348 480 1434 679 363

231 778 263 830 ·,‚
285 730 446 830 Maiestas
466 732 644 809 constituit
661 730 765 828 plum
789 729 835 807 de
852 728 1012 808 omnibus
1035 729 1106 809 suis
1128 728 1276 811 subditis
1299 734 1336 810 in
1352 742 1430 819 uni·
1471 784 1575 861 1579,
1609 808 1613 815 .

231 878 262 925 ,‚
282 829 417 905 versum
432 852 577 925 paterne
600 828 800 926 provideri,
825 828 875 905 ita
892 851 1036 925 quoque
1049 848 1233 909 contentus
1249 828 1298 903 est
1305 882 1317 919 ,
1332 859 1428 913 eum·

228 974 259 1021 ,‚
280 925 359 1004 dem
377 926 580 1015 Comitem,
605 928 689 1000 licet
704 950 771 1022 per
790 926 953 999 tractatus
974 930 1216 1021 praecedentes
1235 924 1429 1024 specialiter

227 1043 462 1120 „exceptum
493 1025 530 1099 δι
551 1022 784 1108 reservatum,
817 1021 1042 1099 nihilomnius
1070 1025 1326 1121 quantocitius
1352 1028 1428 1103 lieri

221 1161 255 1212 3,
275 1123 424 1215 poterit,
449 1118 520 1193 suae
537 1121 686 1201 libertati
702 1144 744 1194 ac
762 1116 889 1193 Patriae
906 1119 1103 1198 restituere:
1121 1126 1206 1219 quin
1225 1121 1298 1195 imo
1316 1120 1355 1197 da
1375 1126 1428 1199 illi

223 1218 563 1311 „gubernationem
592 1216 823 1301 Hollandiae,
857 1214 1066 1305 zelandiae,
1107 1242 1153 1296 ac
1190 1216 1423 1314 Trajeiiensis

223 1357 252 1405 „
274 1313 474 1386 Provinciis
499 1316 592 1390 dare.

270 1458 300 1501 ‚,
322 1407 457 1483 XCVI.
483 1407 638 1485 Decreta
659 1406 767 1493 vend,
788 1406 889 1502 juxta
912 1430 953 1481 ac
970 1406 1265 1505 dispositiones&
1283 1414 1421 1488 ordina·

220 1546 251 1597 „
272 1506 417 1592 tiones,
449 1526 527 1598 per·
546 1503 740 1577 Dominum
770 1505 1005 1580 Archiduoem
1031 1508 1246 1591 Manlium,
1278 1507 1423 1605 suosque

220 1643 251 1691 ,‚
273 1602 506 1689 collaterales,
517 1599 555 1673 δι
571 1598 725 1676 Ordines
743 1598 947 1689 statuumi
963 1606 1120 1695 tempore
1140 1604 1337 1679 ultimarum
1348 1627 1422 1681 tur·

220 1740 251 1785 η
273 1696 418 1781 barum,
442 1695 504 1771 sub
522 1693 683 1790 auspiciis
701 1696 892 1791 Majestatis
907 1693 985 1772 Suae
1003 1719 1179 1780 emanata,
1204 1688 1336 1777 tametsi
1355 1725 1420 1775 no·

220 1836 250 1885 2,
272 1793 366 1870 totid
377 1792 529 1877 constet,
541 1795 706 1885 legitimae
715 1793 885 1867 facultatis
896 1788 1033 1867 desesiu
1047 1793 1183 1890 viribus
1199 1819 1427 1893 nequaquam.

216 1931 246 1981 ,‚
267 1886 472 1971 subsistere,
496 1910 612 1963 tamen
629 1891 742 1965 studio
760 1891 1011 1984 promovendae
1028 1892 1127 1984 hujus
1139 1890 1415 1981 pacificationis,
1479 1936 1491 1948 κ

216 2028 246 2078 „
268 1984 511 2081 SuaMajestas
529 1984 718 2074 consentit,
743 1988 838 2081 quod
857 2007 925 2079 pro
946 1987 1162 2079 legitimisac
1178 1988 1424 2080 vaulidishabe·¹

214 2126 245 2173 „
266 2104 372 2159 antur
384 2135 394 2169 ,
405 2080 550 2178 suosque
561 2082 698 2159 debitos
713 2080 900 2159 sortiantur
914 2074 1077 2165 effeetus,
1091 2086 1208 2179 quoad
1226 2084 1415 2173 beneficia,

215 2224 245 2271 „
266 2180 477 2276 dignitates,
502 2177 634 2267 officia,
659 2198 719 2253 aut
733 2181 815 2255 alias
832 2175 1011 2273 quospiam
1028 2202 1106 2264 res,
1131 2202 1211 2275 quae
1223 2179 1339 2257 solent
1350 2183 1418 2259 eise
1535 2266 1544 2275 ‚

111 2348 116 2359 ,
211 2315 245 2367 ·„
265 2273 453 2375 potestatis
477 2298 518 2349 ac
541 2272 772 2371 dispofitionis
800 2275 984 2349 ordinariae
1007 2276 1179 2363 illorum,
1203 2278 1265 2373 qui
1295 2300 1416 2357 tenent

208 2408 243 2461 a,
264 2376 386 2449 locum
404 2368 661 2446 Gubernatoris
683 2368 852 2445 diila'rum
877 2370 1170 2464 provinciarum,
1202 2396 1273 2447 non
1299 2392 1415 2451 autem

210 2506 244 2558 3,
266 2468 386 2558 iniis,
412 2488 491 2563 quae
506 2468 660 2563 proprie
679 2464 927 2564 personaeSuae
948 2464 1145 2559 Maiestatis
1174 2468 1414 2561 reservantur,

211 2604 244 2655 ‚,
265 2585 330 2641 aut
346 2562 371 2638 d
387 2584 466 2658 quae
479 2562 581 2635 saliae
595 2560 694 2651 sunt,
720 2581 844 2643 contra
859 2562 966 2655 Jura,
978 2559 1186 2658 Privilegia,
1198 2567 1237 2641 &
1250 2564 1415 2640 Immund-

212 2699 244 2750 „
265 2678 358 2735 tates
377 2660 522 2745 Patriae,
548 2680 618 2733 tam
636 2660 672 2733 in
686 2660 839 2757 generali
852 2679 955 2767 quam
972 2658 1010 2731 in
1027 2660 1240 2755 particulari,
1254 2662 1315 2735 vel
1329 2661 1416 2739 alio·

211 2795 245 2847 ·‚‚
267 2757 352 2853 quin
368 2756 406 2827 in
423 2754 516 2829 illius
530 2753 689 2847 injuriam
707 2754 767 2833 seu
787 2757 1041 2829 detrimentum·
1055 2756 1292 2831 redundarint.
1406 2825 1409 2832 .

264 2899 293 2946 ,‚
315 2848 467 2930 XCVII.
500 2847 632 2943 Pariter
650 2854 754 2929 etiam
776 2851 1012 2947 quarumlibet
1033 2850 1171 2927 urbium
1196 2857 1235 2928 ἃ
1265 2854 1414 2931 aliorum

211 2993 243 3042 ,‚
264 2952 428 3025 locorum
444 2945 662 3043 magistratus
681 2950 739 3024 seu
761 2944 935 3032 officiarii,
960 2944 1028 3021 suis
1053 2947 1287 3025 funilionibus
1311 2952 1411 3027 desti·

210 3050 357 3138 ‚,n1ti,
381 3047 447 3121 alia
463 3047 523 3118 via
547 3042 756 3134 duratione,
782 3067 885 3141 quam
904 3045 1028 3119 ordine
1055 3047 1141 3141 juris
1164 3049 1321 3143 legitime
1342 3047 1411 3123 ser·

213 3186 245 3232 ‚‚
266 3164 371 3232 vato,
397 3162 456 3218 aut
486 3142 570 3216 alias
604 3164 726 3217 contra
751 3142 942 3239 Privilegia
971 3138 1143 3216 diiiarum
1169 3146 1328 3232 urbium,
1352 3162 1414 3219 aut

214 3280 245 3329 „
267 3260 396 3334 praeter
423 3240 619 3315 ordinarios
644 3236 899 3334 consuetosque
921 3238 1063 3326 modos,
1088 3261 1169 3312 cum
1184 3238 1304 3333 primis
1320 3240 1414 3313 resti·

213 3373 245 3421 „
268 3355 411 3410 tuentur
427 3334 466 3409 ἃ
480 3336 822 3432 redintegrabuntur
838 3338 875 3409 in
905 3336 1093 3429 dignitates
1120 3331 1309 3428 officiaque.
1331 3330 1412 3419 sun,

214 3466 247 3517 2,
270 3451 424 3504 necnon
443 3430 487 3503 ad
517 3454 637 3505 eorum
661 3432 872 3509 creationem
896 3428 1024 3502 futuris
1052 3430 1265 3523 temporibus
1290 3450 1415 3524 proce·

212 3566 244 3613 ,‚
268 3524 370 3598 detur
391 3546 500 3621 prout
513 3528 621 3614 olim,
646 3530 684 3605 δι
702 3526 790 3603 srcut
806 3528 842 3599 in
850 3525 1011 3618 Juribus,
1035 3524 1221 3613 Moribus,
1245 3524 1284 3598 m
1300 3522 1413 3599 Privi-

211 3664 245 3711 „
267 3620 367 3714 legiis
387 3619 550 3716 cujusque
566 3620 721 3712 Patriae,
745 3623 861 3710 urbis,
891 3622 928 3693 δι
949 3622 1021 3696 1οεί
1038 3623 1139 3697 decet
1149 3670 1162 3709 ,
1187 3646 1231 3696 ne
1250 3624 1307 3696 cui
1322 3622 1413 3697 facia

211 3760 245 3810 2,
267 3720 436 3791 toleretur
455 3718 589 3812 injuria

262 3862 292 3905 „
313 3810 484 3889 XCVIII.
510 3812 631 3907 Quod,
647 3836 733 3886 veto
752 3815 935 3889 concernit
962 3811 1205 3908 Religionem,
1235 3833 1316 3909 quae
1341 3832 1415 3885 om·

207 3950 240 4002 ·„
264 3911 367 3985 nibus
398 3910 622 4005 Principibus
640 3912 721 3981 vere
747 3906 949 3983 Christianis
972 3910 1076 3981 debet
1102 3905 1170 3991 effe
1192 3910 1414 3983 commenda·

209 4048 241 4096 ,‚
264 4006 404 4093 tiffima,
424 4008 519 4081 baud
537 4002 651 4103 potest
659 4001 731 4079 Sua
742 4005 905 4101 Majestas
920 4007 1090 4085 ullatenus
1107 4007 1304 4099 ptaeterire,
1327 4008 1413 4101 quin

208 4145 240 4193 ‚‚
261 4102 414 4201 vestigiis
434 4101 571 4199 Regum
587 4098 851 4180 Catholicorum
867 4100 1006 4175 suorum
1022 4100 1190 4197 majorum
1205 4099 1410 4188 insistendo,

205 4240 238 4287 ‚‚
260 4203 444 4296 percupiat
467 4222 508 4276 ac
533 4196 694 4283 mandet,
717 4200 753 4273 in
779 4195 975 4275 Provinciis
1003 4194 1073 4273 suis
1109 4194 1411 4277 patrimonialibus

203 4338 236 4384 ‚,
259 4298 421 4381 reducti,
447 4293 645 4393 servarique
667 4291 890 4391 Religionem
911 4294 1135 4370 Catholicnm
1156 4295 1412 4393 apostolicam,

204 4436 237 4485 ‚,
258 4388 473 4486 Romanam,
495 4396 540 4495 ab
556 4393 655 4473 omni
669 4414 748 4497 aevo
768 4414 842 4563 nin
860 4390 970 4471 solum
988 4390 1120 4469 ibidem
1137 4410 1330 4491 receptam,
1354 4413 1414 4461 ve·

293 4522 298 4536 r
830 4510 850 4561 a
876 4509 897 4563 a
1284 4534 1312 4581 „
1335 4503 1414 4558 rum
