3984 5167
545 496 638 603 tta
693 484 731 591 J.
759 478 807 572 B.
837 500 909 567 ns
939 470 1192 569 Tnssts
1233 470 1629 566 commuue.

392 682 504 773 used.
553 694 650 753 erant
664 671 879 769 fugientibus
900 669 1043 752 slmiles,
1064 668 1292 744 Germaniam
1304 663 1426 741 versus
1445 665 1480 741 se
1495 672 1654 765 recipere
1668 672 1750 748 cod·

579 776 666 858 erit,
692 767 1038 864 Witrunbergr'ctffque
1051 767 1141 840 fines
1157 764 1268 858 usque
1284 765 1396 837 viilor
1414 762 1616 860 persecutus
1633 767 1753 845 fuerit.

595 872 664 943 nde
683 890 781 953 cum,
807 885 931 941 tetam
949 868 1117 961 ptaecla're
1140 861 1255 958 gesti,
1281 861 1319 933 in
1345 859 1500 935 Galliam
1529 860 1613 938 eilet
1635 888 1755 939 rever·

553 968 632 1051 sus,
658 963 681 1036 fi
711 986 791 1037 ante
821 964 915 1057 apud
943 965 1115 1063 populum
1141 959 1280 1031 valebat
1308 958 1448 1052 gratia,
1472 960 1655 1055 duplicato
1678 982 1754 1035 tum

548 1063 696 1148 lavore,
722 1064 784 1135 vix
803 1059 982 1155 quisquam
1005 1080 1111 1145 erat,
1136 1058 1197 1151 qui
1222 1052 1323 1143 Guisst'
1349 1060 1519 1130 virtutem
1551 1058 1597 1130 ad
1625 1060 1776 1133 coelum·

553 1160 661 1255 usque
682 1182 752 1231 non
766 1157 915 1229 tolleret.

601 1254 732 1329 XLVI.
744 1254 790 1325 At
801 1254 956 1325 Heutlcut
971 1249 1072 1346 cujus
1087 1248 1204 1321 animo
1217 1246 1325 1320 fixum
1336 1250 1591 1343 immotumque
1599 1248 1753 1342 sedebat,

553 1357 738 1433 unionem,
762 1349 1076 1441 authoritatemque
1095 1341 1298 1418 Guifiorum
1316 1348 1460 1418 omnino
1477 1348 1643 1435 abolere,
1662 1370 1750 1423 anuo

413 1469 420 1483 ·
500 1484 507 1522 :
553 1445 822 1545 sequenti88.‘
841 1442 878 1519 dc
897 1446 991 1516 aliu'd
1011 1442 1151 1514 molitus
1169 1440 1230 1514 est.
1258 1442 1401 1540 Sciebat
1418 1443 1595 1515 cardinem
1609 1444 1754 1522 unionis

372 1584 375 1593 ¹
456 1586 463 1605 ·
555 1546 620 1623 elle
637 1546 811 1618 Lutetiam
828 1538 1097 1637 praecipuosque
1113 1538 1163 1610 ibi
1183 1562 1306 1632 agere,
1326 1540 1388 1632 qui
1403 1543 1567 1627 eandem,
1597 1562 1664 1613 uec
1683 1564 1754 1615 uon

556 1641 734 1737 Guistorum
757 1641 948 1733 potentiam
977 1637 1148 1709 obstinate
1172 1632 1363 1720 fovebant,
1395 1637 1619 1732 maximique
1648 1658 1756 1733 atquc

554 1735 931 1835 opulentiffimiurbe,
957 1734 1252 1826 omnigenumque
1267 1733 1558 1803 commoditatum
1577 1734 1757 1808 abundau-

556 1834 698 1921 uffima,
717 1834 823 1905 totius
839 1829 975 1926 insuper
992 1829 1236 1923 Regni‘capire
1251 1826 1453 1922 subjugum
1464 1826 1582 1914 milla,
1608 1832 1754 1905 nondu-

556 1932 712 2015 bitabat,
724 1929 810 2023 quin
822 1925 865 1999 de
878 1928 1013 1999 caeteris
1027 1927 1195 2021 paulatim
1213 1922 1275 2016 sibi
1290 1926 1504 2019 triumphare
1520 1930 1748 2023 contingeret.

557 2028 722 2102 Habebat
734 2024 955 2097 continenter
969 2023 1063 2115 apud
1079 2019 1113 2092 se
1129 2042 1302 2115 praetentu
1318 2018 1490 2094 custodie
1504 2028 1679 2119 corporis,
1700 2023 1750 2098 se-

555 2147 604 2197 na
629 2124 736 2195 millia
753 2122 910 2214 peditum
928 2118 1193 2206 Helvetiorum,
1219 2117 1256 2189 δι
1275 2116 1462 2191 Gallorum
1474 2172 1484 2205 ,
1497 2122 1562 2193 bos
1574 2122 1619 2191 ibi
1636 2142 1748 2215 agens

557 2220 709 2314 quodam
727 2216 783 2290 die
803 2214 935 2288 summo
955 2237 1055 2287 mane
1080 2234 1235 2287 centrum
1253 2212 1408 2310 adusque
1426 2216 1577 2289 civitatis
1591 2217 1748 2304 intrare,

554 2317 674 2412 palbm
689 2316 821 2411 plateas
842 2332 1034 2406 occupare,
1052 2311 1179 2382 nemini
1191 2332 1306 2384 tamen
1322 2312 1469 2395 nocere,
1482 2311 1648 2407 jullit3co
1664 2334 1751 2387 con·

551 2411 654 2496 ulio,
680 2434 718 2483 ut
736 2422 815 2483 cum
835 2430 1014 2480 armorum
1029 2407 1087 2480 vid
1103 2406 1221 2499 secura
1233 2408 1376 2483 baberet
1392 2411 1530 2496 omnia,
1555 2432 1645 2505 quos
1662 2430 1751 2505 prae·

470 2556 480 2573 .
549 2510 682 2603 cipuos
700 2508 910 2583 tumultuum
926 2503 1054 2577 sciebat
1069 2501 1135 2575 elle
1148 2507 1333 2589 authores,
1348 2506 1384 2579 &
1401 2501 1576 2591 fautores,
1590 2529 1752 2602 compre·

556 2606 801 2679 henderentut.
827 2601 936 2674 Cives
951 2599 1159 2695 simulatque
1174 2623 1246 2695 quo
1263 2624 1303 2673 ea
1322 2599 1506 2674 tenderent
1523 2599 1675 2687 sensere,
1688 2626 1752 2677 uu·

551 2704 733 2796 diquaque
750 2701 793 2773 ad
809 2721 902 2771 arma
919 2696 1149 2782 concurrere,
1175 2716 1344 2791 tantoque
1361 2696 1755 2782 ardore,acvebemen·

511 2888 514 2891 p
561 2800 609 2869 tia
633 2794 822 2869 delenstoni
837 2792 1051 2880 incubudre,
1074 2810 1115 2864 ut
1131 2796 1248 2866 nullus
1264 2790 1369 2883 ellet,
1394 2817 1459 2868 nec
1475 2796 1575 2869 vicus
1591 2796 1757 2891 quidem,

560 2894 621 2989 qui
640 2912 761 2963 contra
781 2892 931 2983 Regios,
959 2890 1210 2963 munitionibus
1228 2890 1377 2964 maximi
1393 2891 1575 2964 celeritate
1590 2892 1757 2968 uuuffis

557 2988 777 3085 (butticulas
793 2984 992 3081 vocabant)
1015 3008 1085 3058 nou
1105 2988 1320 3059 inveniretur
1338 2988 1503 3059 munitus.
1529 2985 1674 3081 Guifius,
1695 2992 1753 3086 qui
1870 3009 1871 3012 ’

552 3086 712 3177 Suefflone
730 3102 831 3173 erat,
858 3085 1017 3156 celeriter
1041 3081 1083 3155 ed
1103 3084 1146 3155 de
1166 3108 1204 3157 re
1231 3084 1360 3159 certior
1384 3080 1516 3169 faetus,
1535 3085 1633 3158 nulle
1649 3087 1752 3161 inter·

555 3181 669 3279 pofitd
689 3180 806 3273 mord,
828 3176 860 3251 se
890 3200 958 3251 tem
975 3198 1107 3251 tantum
1127 3183 1313 3254 comitatus
1336 3182 1458 3275 equis,
1482 3204 1525 3253 eo
1551 3182 1753 3269 advolavit,

555 3280 690 3375 Regem
711 3278 818 3363 aelllt3
845 3202 1039 3348 ditandus
1064 3275 1247 3373 suboperd
1270 3280 1437 3350 turnultus
1461 3274 1618 3364 sedatus,
1642 3278 1755 3375 regiis·

555 3399 624 3471 que
645 3376 811 3449 militibus
833 3375 930 3446 nullo
956 3375 1005 3445 eis
1031 3372 1129 3446 illato
1154 3378 1301 3459 damno,
1325 3374 1443 3450 secure
1472 3376 1560 3447 urbe
1587 3379 1757 3450 excedere

556 3470 767 3567 permillum.
819 3470 948 3544 Verum
969 3468 1047 3543 Rex
1065 3472 1150 3542 urbe
1171 3475 1363 3557 excedens,
1390 3494 1470 3544 cum
1502 3472 1758 3546 animadverte·

555 3590 609 3641 ret
626 3567 670 3639 ad
696 3566 818 3650 finem,
830 3588 933 3660 quem
949 3569 1066 3640 animo
1077 3590 1288 3663 conceperat
1304 3568 1497 3643 destruendi
1514 3570 1696 3657 unionem,
1713 3564 1757 3642 ἃ

557 3661 699 3759 Guifiot,
717 3666 812 3737 nulla
831 3665 946 3739 valen
964 3662 1224 3760 strategemata:
1253 3667 1349 3759 quod
1366 3668 1408 3740 iis
1430 3665 1593 3739 obtinere
1602 3691 1673 3741 non
1688 3686 1759 3760 po·

556 3781 669 3847 terat,
695 3764 731 3835 id
749 3760 888 3835 taudem
908 3760 1014 3851 dolo,
1038 3786 1081 3835 ac
1098 3761 1219 3837 fraude
1236 3760 1349 3838 secum
1372 3783 1506 3836 tentare
1525 3763 1653 3836 statuit,
1689 3760 1756 3835 Est

555 3855 731 3955 Regibus,
758 3861 938 3955 praecipue
961 3860 998 3931 in
1026 3858 1144 3931 Gallia
1171 3860 1250 3933 usus
1278 3881 1483 3955 certumque
1502 3860 1693 3934 antidotum
1710 3862 1750 3928 in

555 3956 657 4028 rebus
673 3959 789 4052 magui
810 3957 993 4040 momenti,
1019 3958 1056 4031 dc
1075 3980 1154 4051 quae
1171 3957 1293 4030 statum
1311 3956 1517 4053 publicum,
1542 3980 1581 4030 ut
1602 3957 1723 4030 dicitur
1730 4002 1747 4038 ‚

552 4054 742 4143 plurimum
773 4056 977 4149 attingunt,
1010 4078 1208 4127 convocate
1227 4050 1342 4151 Regni
1363 4050 1521 4127 Ordines
1549 4053 1663 4148 (quor
1679 4072 1773 4121 νον
1870 4125 1871 4144 p

556 4153 659 4234 cant)
680 4149 893 4247 compositos
905 4151 1039 4225 scillcet
1057 4174 1100 4224 ex
1117 4154 1230 4224 tribus
1242 4152 1398 4229 clastibus
1413 4147 1754 4234 Ecclefiallicorum,
1870 4197 1871 4226 t

555 4240 766 4336 Nobilium,
793 4270 835 4320 ac
856 4251 1006 4344 populi,
1056 4252 1092 4322 ui
1106 4248 1260 4322 Ordines
1275 4250 1421 4345 publico
1440 4251 1588 4321 omnium
1607 4248 1759 4318 nomine

548 4344 749 4440 deputant,
775 4345 836 4438 qui
851 4370 916 4437 eo,
941 4366 1015 4442 quo
1030 4272 1126 4443 Regi
1147 4352 1266 4447 placet
1288 4344 1357 4422 sele
1380 4342 1617 4431 tundente,
1628 4365 1689 4514 ἐς
1705 4342 1752 4411 ll·
1870 4347 1871 4358 ’

1660 4458 1760 4535 erpu-
