<?xml version="1.0" encoding="UTF-8"?>
<!DOCTYPE html PUBLIC "-//W3C//DTD XHTML 1.0 Transitional//EN"
    "http://www.w3.org/TR/xhtml1/DTD/xhtml1-transitional.dtd">
<html xmlns="http://www.w3.org/1999/xhtml" xml:lang="en" lang="en">
 <head>
  <title>
</title>
<meta http-equiv="Content-Type" content="text/html;charset=utf-8" />
  <meta name='ocr-system' content='tesseract 3.04.00' />
  <meta name='ocr-capabilities' content='ocr_page ocr_carea ocr_par ocr_line ocrx_word'/>
</head>
<body>
  <div class='ocr_page' id='page_1' title='image "./vitavigliiabayt00papegoog_0497.png"; bbox 0 0 3984 5167; ppageno 0'>
   <div class='ocr_carea' id='block_1_1' title="bbox 575 525 1639 661">
    <p class='ocr_par' dir='ltr' id='par_1_1' title="bbox 575 525 1639 661">
     <span class='ocr_line' id='line_1_1' title="bbox 575 525 1639 661; baseline -0.009 -32"><span class='ocrx_word' id='word_1_1' title='bbox 575 554 658 661; x_wconf 80' lang='lat'>488</span> <span class='ocrx_word' id='word_1_2' title='bbox 716 538 750 647; x_wconf 83' lang='lat' dir='ltr'>J.</span> <span class='ocrx_word' id='word_1_3' title='bbox 779 535 827 624; x_wconf 84' lang='lat' dir='ltr'>u.</span> <span class='ocrx_word' id='word_1_4' title='bbox 856 554 931 623; x_wconf 69' lang='lat' dir='ltr'>ne</span> <span class='ocrx_word' id='word_1_5' title='bbox 959 525 1209 624; x_wconf 79' lang='lat' dir='ltr'>unssts</span> <span class='ocrx_word' id='word_1_6' title='bbox 1240 526 1639 624; x_wconf 73' lang='lat' dir='ltr'>counimur.</span> 
     </span>
    </p>
   </div>
   <div class='ocr_carea' id='block_1_2' title="bbox 420 724 1864 4399">
    <p class='ocr_par' dir='ltr' id='par_1_2' title="bbox 428 724 1785 1221">
     <span class='ocr_line' id='line_1_2' title="bbox 428 724 1777 846; baseline -0.005 -35"><span class='ocrx_word' id='word_1_7' title='bbox 428 758 531 846; x_wconf 80' lang='lat'>1587.</span> <span class='ocrx_word' id='word_1_8' title='bbox 577 759 709 818; x_wconf 85' lang='lat' dir='ltr'>arcem,</span> <span class='ocrx_word' id='word_1_9' title='bbox 734 730 793 806; x_wconf 86' lang='lat' dir='ltr'>sed</span> <span class='ocrx_word' id='word_1_10' title='bbox 816 730 1002 825; x_wconf 81' lang='lat' dir='ltr'>exiguam,</span> <span class='ocrx_word' id='word_1_11' title='bbox 1026 746 1105 823; x_wconf 86' lang='lat' dir='ltr'>quae</span> <span class='ocrx_word' id='word_1_12' title='bbox 1130 724 1239 821; x_wconf 73' lang='lat' dir='ltr'>operi</span> <span class='ocrx_word' id='word_1_13' title='bbox 1259 724 1617 825; x_wconf 76' lang='lat' dir='ltr'>Boffaiicivisapurtt</span> <span class='ocrx_word' id='word_1_14' title='bbox 1632 728 1777 818; x_wconf 84' lang='lat' dir='ltr'>uxoris,</span> 
     </span>
     <span class='ocr_line' id='line_1_3' title="bbox 579 824 1785 925; baseline -0.006 -20"><span class='ocrx_word' id='word_1_15' title='bbox 579 836 616 905; x_wconf 91' lang='lat'>&amp;</span> <span class='ocrx_word' id='word_1_16' title='bbox 633 828 729 925; x_wconf 80' lang='lat' dir='ltr'>Blefis</span> <span class='ocrx_word' id='word_1_17' title='bbox 746 828 789 902; x_wconf 89' lang='lat' dir='ltr'>ad</span> <span class='ocrx_word' id='word_1_18' title='bbox 807 846 1021 901; x_wconf 88' lang='lat' dir='ltr'>conventum</span> <span class='ocrx_word' id='word_1_19' title='bbox 1042 828 1133 898; x_wconf 80' lang='lat' dir='ltr'>iuter</span> <span class='ocrx_word' id='word_1_20' title='bbox 1148 825 1235 896; x_wconf 83' lang='lat' dir='ltr'>alios</span> <span class='ocrx_word' id='word_1_21' title='bbox 1252 824 1296 896; x_wconf 90' lang='lat' dir='ltr'>ab</span> <span class='ocrx_word' id='word_1_22' title='bbox 1314 826 1401 897; x_wconf 88' lang='lat' dir='ltr'>urbe</span> <span class='ocrx_word' id='word_1_23' title='bbox 1419 824 1601 921; x_wconf 90' lang='lat' dir='ltr'>deputati,</span> <span class='ocrx_word' id='word_1_24' title='bbox 1621 827 1684 921; x_wconf 92' lang='lat' dir='ltr'>qui</span> <span class='ocrx_word' id='word_1_25' title='bbox 1702 830 1785 899; x_wconf 80' lang='lat' dir='ltr'>Gui-</span> 
     </span>
     <span class='ocr_line' id='line_1_4' title="bbox 473 918 1785 1025; baseline -0.005 -22"><span class='ocrx_word' id='word_1_26' title='bbox 473 996 481 1013; x_wconf 84' lang='lat'>,</span> <span class='ocrx_word' id='word_1_27' title='bbox 571 928 630 1025; x_wconf 79' lang='lat' dir='ltr'>fiis</span> <span class='ocrx_word' id='word_1_28' title='bbox 648 925 791 1003; x_wconf 89' lang='lat' dir='ltr'>omniuo</span> <span class='ocrx_word' id='word_1_29' title='bbox 815 944 891 997; x_wconf 85' lang='lat' dir='ltr'>erat</span> <span class='ocrx_word' id='word_1_30' title='bbox 914 924 1108 1009; x_wconf 68' lang='lat' dir='ltr'>additus,</span> <span class='ocrx_word' id='word_1_31' title='bbox 1139 943 1252 1018; x_wconf 88' lang='lat' dir='ltr'>eoque</span> <span class='ocrx_word' id='word_1_32' title='bbox 1274 918 1406 995; x_wconf 79' lang='lat' dir='ltr'>summa</span> <span class='ocrx_word' id='word_1_33' title='bbox 1431 924 1612 996; x_wconf 89' lang='lat' dir='ltr'>celeritate</span> <span class='ocrx_word' id='word_1_34' title='bbox 1637 922 1785 1019; x_wconf 68' lang='lat' dir='ltr'>peraeta</span> 
     </span>
     <span class='ocr_line' id='line_1_5' title="bbox 580 1015 1783 1133; baseline -0.007 -32"><span class='ocrx_word' id='word_1_35' title='bbox 580 1028 678 1101; x_wconf 86' lang='lat' dir='ltr'>caede</span> <span class='ocrx_word' id='word_1_36' title='bbox 701 1022 956 1108; x_wconf 85' lang='lat' dir='ltr'>advolaverat,</span> <span class='ocrx_word' id='word_1_37' title='bbox 993 1020 1132 1092; x_wconf 81' lang='lat' dir='ltr'>unionis</span> <span class='ocrx_word' id='word_1_38' title='bbox 1159 1040 1277 1113; x_wconf 89' lang='lat' dir='ltr'>partes</span> <span class='ocrx_word' id='word_1_39' title='bbox 1296 1015 1417 1092; x_wconf 87' lang='lat' dir='ltr'>secuta</span> <span class='ocrx_word' id='word_1_40' title='bbox 1441 1020 1501 1133; x_wconf 60' lang='lat' dir='ltr'>est.</span> <span class='ocrx_word' id='word_1_41' title='bbox 1551 1021 1715 1116; x_wconf 87' lang='lat' dir='ltr'><strong>Cumque</strong></span> <span class='ocrx_word' id='word_1_42' title='bbox 1739 1022 1783 1093; x_wconf 90' lang='lat' dir='ltr'>id</span> 
     </span>
     <span class='ocr_line' id='line_1_6' title="bbox 582 1114 1784 1221; baseline -0.004 -25"><span class='ocrx_word' id='word_1_43' title='bbox 582 1144 705 1221; x_wconf 88' lang='lat' dir='ltr'>parum</span> <span class='ocrx_word' id='word_1_44' title='bbox 737 1116 935 1216; x_wconf 85' lang='lat' dir='ltr'>prodellet‚</span> <span class='ocrx_word' id='word_1_45' title='bbox 961 1114 1024 1188; x_wconf 86' lang='lat' dir='ltr'>nili</span> <span class='ocrx_word' id='word_1_46' title='bbox 1045 1114 1082 1186; x_wconf 89' lang='lat'>&amp;</span> <span class='ocrx_word' id='word_1_47' title='bbox 1097 1136 1183 1187; x_wconf 81' lang='lat' dir='ltr'>arce</span> <span class='ocrx_word' id='word_1_48' title='bbox 1202 1115 1419 1212; x_wconf 86' lang='lat' dir='ltr'>potirentur,</span> <span class='ocrx_word' id='word_1_49' title='bbox 1456 1116 1586 1189; x_wconf 83' lang='lat' dir='ltr'>etiamst</span> <span class='ocrx_word' id='word_1_50' title='bbox 1610 1120 1709 1191; x_wconf 92' lang='lat' dir='ltr'>illico</span> <span class='ocrx_word' id='word_1_51' title='bbox 1732 1118 1784 1191; x_wconf 84' lang='lat' dir='ltr'>ed</span> 
     </span>
    </p>

    <p class='ocr_par' dir='ltr' id='par_1_3' title="bbox 499 1211 1829 2471">
     <span class='ocr_line' id='line_1_7' title="bbox 582 1211 1829 1309; baseline -0.006 -16"><span class='ocrx_word' id='word_1_52' title='bbox 582 1218 690 1293; x_wconf 85' lang='lat' dir='ltr'>millae</span> <span class='ocrx_word' id='word_1_53' title='bbox 703 1216 821 1291; x_wconf 86' lang='lat' dir='ltr'>forent</span> <span class='ocrx_word' id='word_1_54' title='bbox 839 1214 945 1309; x_wconf 85' lang='lat' dir='ltr'>regiae</span> <span class='ocrx_word' id='word_1_55' title='bbox 963 1213 1077 1307; x_wconf 85' lang='lat' dir='ltr'>copiae</span> <span class='ocrx_word' id='word_1_56' title='bbox 1100 1211 1145 1283; x_wconf 88' lang='lat' dir='ltr'>ad</span> <span class='ocrx_word' id='word_1_57' title='bbox 1164 1213 1422 1308; x_wconf 76' lang='lat' dir='ltr'>reprimendam</span> <span class='ocrx_word' id='word_1_58' title='bbox 1442 1214 1693 1287; x_wconf 80' lang='lat' dir='ltr'>foederatorum</span> <span class='ocrx_word' id='word_1_59' title='bbox 1718 1236 1780 1285; x_wconf 83' lang='lat' dir='ltr'>au·</span> <span class='ocrx_word' id='word_1_60' title='bbox 1823 1244 1829 1255; x_wconf 90' lang='lat'><strong>·</strong></span> 
     </span>
     <span class='ocr_line' id='line_1_8' title="bbox 582 1305 1779 1401; baseline -0.006 -12"><span class='ocrx_word' id='word_1_61' title='bbox 582 1318 737 1401; x_wconf 84' lang='lat' dir='ltr'>daciam,</span> <span class='ocrx_word' id='word_1_62' title='bbox 762 1312 945 1385; x_wconf 73' lang='lat' dir='ltr'>acciuxdre</span> <span class='ocrx_word' id='word_1_63' title='bbox 963 1328 1076 1381; x_wconf 89' lang='lat' dir='ltr'>tamen</span> <span class='ocrx_word' id='word_1_64' title='bbox 1093 1305 1160 1381; x_wconf 87' lang='lat' dir='ltr'>sese</span> <span class='ocrx_word' id='word_1_65' title='bbox 1176 1330 1247 1380; x_wconf 90' lang='lat' dir='ltr'>non</span> <span class='ocrx_word' id='word_1_66' title='bbox 1267 1308 1378 1382; x_wconf 91' lang='lat' dir='ltr'>solum</span> <span class='ocrx_word' id='word_1_67' title='bbox 1393 1310 1436 1383; x_wconf 91' lang='lat' dir='ltr'>ad</span> <span class='ocrx_word' id='word_1_68' title='bbox 1455 1309 1506 1383; x_wconf 92' lang='lat' dir='ltr'>sui</span> <span class='ocrx_word' id='word_1_69' title='bbox 1525 1309 1779 1393; x_wconf 75' lang='lat' dir='ltr'>detentionem,</span> 
     </span>
     <span class='ocr_line' id='line_1_9' title="bbox 583 1405 1783 1505; baseline -0.005 -19"><span class='ocrx_word' id='word_1_70' title='bbox 583 1412 643 1486; x_wconf 88' lang='lat' dir='ltr'>sed</span> <span class='ocrx_word' id='word_1_71' title='bbox 662 1414 706 1485; x_wconf 87' lang='lat' dir='ltr'>ad</span> <span class='ocrx_word' id='word_1_72' title='bbox 723 1408 828 1505; x_wconf 76' lang='lat' dir='ltr'>ipsius</span> <span class='ocrx_word' id='word_1_73' title='bbox 863 1408 950 1479; x_wconf 81' lang='lat' dir='ltr'>arcis</span> <span class='ocrx_word' id='word_1_74' title='bbox 966 1405 1234 1500; x_wconf 87' lang='lat' dir='ltr'><strong>occupationem</strong></span> <span class='ocrx_word' id='word_1_75' title='bbox 1250 1424 1320 1478; x_wconf 84' lang='lat' dir='ltr'>tam</span> <span class='ocrx_word' id='word_1_76' title='bbox 1337 1405 1476 1479; x_wconf 72' lang='lat' dir='ltr'>strenue</span> <span class='ocrx_word' id='word_1_77' title='bbox 1485 1459 1498 1495; x_wconf 89' lang='lat'>,</span> <span class='ocrx_word' id='word_1_78' title='bbox 1513 1429 1554 1480; x_wconf 91' lang='lat' dir='ltr'>ut</span> <span class='ocrx_word' id='word_1_79' title='bbox 1569 1408 1783 1481; x_wconf 86' lang='lat' dir='ltr'>aduentante</span> 
     </span>
     <span class='ocr_line' id='line_1_10' title="bbox 586 1500 1784 1603; baseline -0.005 -21"><span class='ocrx_word' id='word_1_80' title='bbox 586 1511 705 1582; x_wconf 82' lang='lat' dir='ltr'>multis</span> <span class='ocrx_word' id='word_1_81' title='bbox 722 1505 801 1603; x_wconf 89' lang='lat' dir='ltr'>post</span> <span class='ocrx_word' id='word_1_82' title='bbox 826 1504 947 1577; x_wconf 89' lang='lat' dir='ltr'>diebus</span> <span class='ocrx_word' id='word_1_83' title='bbox 966 1504 1138 1575; x_wconf 80' lang='lat' dir='ltr'>Dumtnaeu</span> <span class='ocrx_word' id='word_1_84' title='bbox 1156 1523 1235 1573; x_wconf 91' lang='lat' dir='ltr'>cum</span> <span class='ocrx_word' id='word_1_85' title='bbox 1253 1503 1325 1575; x_wconf 90' lang='lat' dir='ltr'>solo</span> <span class='ocrx_word' id='word_1_86' title='bbox 1348 1501 1499 1576; x_wconf 81' lang='lat' dir='ltr'>subsidio</span> <span class='ocrx_word' id='word_1_87' title='bbox 1517 1500 1687 1589; x_wconf 86' lang='lat' dir='ltr'>Gallico,</span> <span class='ocrx_word' id='word_1_88' title='bbox 1710 1524 1784 1576; x_wconf 90' lang='lat' dir='ltr'>tau·</span> 
     </span>
     <span class='ocr_line' id='line_1_11' title="bbox 586 1596 1783 1697; baseline -0.006 -18"><span class='ocrx_word' id='word_1_89' title='bbox 586 1607 666 1681; x_wconf 92' lang='lat' dir='ltr'>dem</span> <span class='ocrx_word' id='word_1_90' title='bbox 685 1605 830 1677; x_wconf 88' lang='lat' dir='ltr'>eandem</span> <span class='ocrx_word' id='word_1_91' title='bbox 855 1600 892 1673; x_wconf 91' lang='lat' dir='ltr'>in</span> <span class='ocrx_word' id='word_1_92' title='bbox 906 1597 1115 1695; x_wconf 85' lang='lat' dir='ltr'>potestatem</span> <span class='ocrx_word' id='word_1_93' title='bbox 1138 1596 1232 1670; x_wconf 88' lang='lat' dir='ltr'>suam</span> <span class='ocrx_word' id='word_1_94' title='bbox 1262 1600 1454 1695; x_wconf 86' lang='lat' dir='ltr'>redegerit,</span> <span class='ocrx_word' id='word_1_95' title='bbox 1478 1598 1634 1675; x_wconf 80' lang='lat' dir='ltr'>succellu</span> <span class='ocrx_word' id='word_1_96' title='bbox 1658 1602 1783 1697; x_wconf 82' lang='lat' dir='ltr'>procul</span> 
     </span>
     <span class='ocr_line' id='line_1_12' title="bbox 585 1696 1783 1791; baseline -0.003 -16"><span class='ocrx_word' id='word_1_97' title='bbox 585 1704 694 1779; x_wconf 89' lang='lat' dir='ltr'>dubio</span> <span class='ocrx_word' id='word_1_98' title='bbox 712 1700 768 1773; x_wconf 81' lang='lat' dir='ltr'>Rc</span> <span class='ocrx_word' id='word_1_99' title='bbox 794 1700 805 1771; x_wconf 91' lang='lat' dir='ltr'>i</span> <span class='ocrx_word' id='word_1_100' title='bbox 821 1720 892 1771; x_wconf 91' lang='lat' dir='ltr'>non</span> <span class='ocrx_word' id='word_1_101' title='bbox 905 1696 1019 1768; x_wconf 88' lang='lat' dir='ltr'>minus</span> <span class='ocrx_word' id='word_1_102' title='bbox 1037 1696 1283 1779; x_wconf 88' lang='lat' dir='ltr'>incommodo,</span> <span class='ocrx_word' id='word_1_103' title='bbox 1309 1718 1412 1791; x_wconf 86' lang='lat' dir='ltr'>quam</span> <span class='ocrx_word' id='word_1_104' title='bbox 1421 1700 1618 1783; x_wconf 81' lang='lat' dir='ltr'>Dunenaeo,</span> <span class='ocrx_word' id='word_1_105' title='bbox 1635 1698 1675 1773; x_wconf 78' lang='lat' dir='ltr'>dt</span> <span class='ocrx_word' id='word_1_106' title='bbox 1686 1702 1783 1771; x_wconf 89' lang='lat' dir='ltr'>unio·</span> 
     </span>
     <span class='ocr_line' id='line_1_13' title="bbox 586 1724 1784 1892; baseline -0.002 -21"><span class='ocrx_word' id='word_1_107' title='bbox 586 1802 622 1871; x_wconf 94' lang='lat' dir='ltr'>ni</span> <span class='ocrx_word' id='word_1_108' title='bbox 643 1798 739 1887; x_wconf 82' lang='lat' dir='ltr'>utili3</span> <span class='ocrx_word' id='word_1_109' title='bbox 762 1724 944 1889; x_wconf 64' lang='lat' dir='ltr'>diligentia</span> <span class='ocrx_word' id='word_1_110' title='bbox 958 1793 1050 1865; x_wconf 88' lang='lat' dir='ltr'>euim</span> <span class='ocrx_word' id='word_1_111' title='bbox 1062 1843 1073 1879; x_wconf 86' lang='lat'>,</span> <span class='ocrx_word' id='word_1_112' title='bbox 1098 1792 1169 1886; x_wconf 74' lang='lat' dir='ltr'>qui</span> <span class='ocrx_word' id='word_1_113' title='bbox 1186 1792 1321 1866; x_wconf 82' lang='lat' dir='ltr'>civitati</span> <span class='ocrx_word' id='word_1_114' title='bbox 1340 1794 1385 1867; x_wconf 85' lang='lat' dir='ltr'>ad</span> <span class='ocrx_word' id='word_1_115' title='bbox 1410 1816 1601 1869; x_wconf 83' lang='lat' dir='ltr'>extremam</span> <span class='ocrx_word' id='word_1_116' title='bbox 1626 1797 1784 1892; x_wconf 87' lang='lat' dir='ltr'>inopiam</span> 
     </span>
     <span class='ocr_line' id='line_1_14' title="bbox 587 1890 1786 1987; baseline -0.005 -18"><span class='ocrx_word' id='word_1_117' title='bbox 587 1891 738 1969; x_wconf 75' lang='lat' dir='ltr'>redatiae</span> <span class='ocrx_word' id='word_1_118' title='bbox 756 1890 941 1967; x_wconf 87' lang='lat' dir='ltr'>subvenire</span> <span class='ocrx_word' id='word_1_119' title='bbox 956 1909 1164 1969; x_wconf 85' lang='lat' dir='ltr'>curaverat,</span> <span class='ocrx_word' id='word_1_120' title='bbox 1188 1891 1327 1961; x_wconf 88' lang='lat' dir='ltr'>unionis</span> <span class='ocrx_word' id='word_1_121' title='bbox 1351 1891 1536 1985; x_wconf 72' lang='lat' dir='ltr'>partibus,</span> <span class='ocrx_word' id='word_1_122' title='bbox 1561 1892 1786 1987; x_wconf 86' lang='lat' dir='ltr'>ejusdemque</span> 
     </span>
     <span class='ocr_line' id='line_1_15' title="bbox 588 1984 1784 2084; baseline -0.002 -19"><span class='ocrx_word' id='word_1_123' title='bbox 588 1986 812 2077; x_wconf 88' lang='lat' dir='ltr'>authoritati,</span> <span class='ocrx_word' id='word_1_124' title='bbox 836 1987 1024 2084; x_wconf 87' lang='lat' dir='ltr'>plurimum</span> <span class='ocrx_word' id='word_1_125' title='bbox 1039 1984 1197 2073; x_wconf 71' lang='lat' dir='ltr'>fiduciae,</span> <span class='ocrx_word' id='word_1_126' title='bbox 1222 2008 1264 2057; x_wconf 88' lang='lat' dir='ltr'>ac</span> <span class='ocrx_word' id='word_1_127' title='bbox 1280 1986 1418 2059; x_wconf 87' lang='lat' dir='ltr'>roboris</span> <span class='ocrx_word' id='word_1_128' title='bbox 1431 1989 1575 2061; x_wconf 84' lang='lat' dir='ltr'>addidit.</span> <span class='ocrx_word' id='word_1_129' title='bbox 1601 1986 1784 2063; x_wconf 72' lang='lat' dir='ltr'>Profectus</span> 
     </span>
     <span class='ocr_line' id='line_1_16' title="bbox 591 2080 1787 2181; baseline -0.003 -18"><span class='ocrx_word' id='word_1_130' title='bbox 591 2087 642 2164; x_wconf 88' lang='lat' dir='ltr'>est</span> <span class='ocrx_word' id='word_1_131' title='bbox 656 2085 736 2159; x_wconf 90' lang='lat' dir='ltr'>iude</span> <span class='ocrx_word' id='word_1_132' title='bbox 752 2083 913 2171; x_wconf 84' lang='lat' dir='ltr'>Turones,</span> <span class='ocrx_word' id='word_1_133' title='bbox 928 2080 987 2155; x_wconf 88' lang='lat' dir='ltr'>sed</span> <span class='ocrx_word' id='word_1_134' title='bbox 1003 2085 1111 2177; x_wconf 86' lang='lat' dir='ltr'>magis</span> <span class='ocrx_word' id='word_1_135' title='bbox 1126 2084 1171 2154; x_wconf 89' lang='lat' dir='ltr'>ad</span> <span class='ocrx_word' id='word_1_136' title='bbox 1186 2080 1449 2157; x_wconf 87' lang='lat' dir='ltr'>ostentationem</span> <span class='ocrx_word' id='word_1_137' title='bbox 1460 2106 1584 2179; x_wconf 87' lang='lat' dir='ltr'>,quam</span> <span class='ocrx_word' id='word_1_138' title='bbox 1601 2082 1662 2180; x_wconf 88' lang='lat' dir='ltr'>spe</span> <span class='ocrx_word' id='word_1_139' title='bbox 1677 2084 1787 2181; x_wconf 66' lang='lat' dir='ltr'>capti</span> 
     </span>
     <span class='ocr_line' id='line_1_17' title="bbox 499 2179 1787 2282; baseline -0.003 -25"><span class='ocrx_word' id='word_1_140' title='bbox 499 2260 501 2269; x_wconf 75' lang='grc'>,</span> <span class='ocrx_word' id='word_1_141' title='bbox 588 2181 848 2282; x_wconf 86' lang='lat' dir='ltr'>promovendi,</span> <span class='ocrx_word' id='word_1_142' title='bbox 872 2179 1020 2254; x_wconf 87' lang='lat' dir='ltr'>debilior</span> <span class='ocrx_word' id='word_1_143' title='bbox 1040 2179 1134 2271; x_wconf 84' lang='lat' dir='ltr'>euim</span> <span class='ocrx_word' id='word_1_144' title='bbox 1164 2199 1239 2251; x_wconf 88' lang='lat' dir='ltr'>erat</span> <span class='ocrx_word' id='word_1_145' title='bbox 1263 2180 1460 2267; x_wconf 83' lang='lat' dir='ltr'>exercitus,</span> <span class='ocrx_word' id='word_1_146' title='bbox 1485 2180 1697 2276; x_wconf 83' lang='lat' dir='ltr'>ejusdemque</span> <span class='ocrx_word' id='word_1_147' title='bbox 1720 2204 1787 2253; x_wconf 89' lang='lat' dir='ltr'>ue·</span> 
     </span>
     <span class='ocr_line' id='line_1_18' title="bbox 590 2273 1787 2374; baseline -0.005 -17"><span class='ocrx_word' id='word_1_148' title='bbox 590 2278 752 2357; x_wconf 79' lang='lat' dir='ltr'>cellarius</span> <span class='ocrx_word' id='word_1_149' title='bbox 768 2276 813 2351; x_wconf 87' lang='lat' dir='ltr'>ad</span> <span class='ocrx_word' id='word_1_150' title='bbox 831 2273 1088 2363; x_wconf 88' lang='lat' dir='ltr'>invadendum,</span> <span class='ocrx_word' id='word_1_151' title='bbox 1113 2274 1429 2373; x_wconf 90' lang='lat' dir='ltr'>debellandumque</span> <span class='ocrx_word' id='word_1_152' title='bbox 1445 2300 1653 2373; x_wconf 79' lang='lat' dir='ltr'>apparatur,</span> <span class='ocrx_word' id='word_1_153' title='bbox 1673 2300 1787 2374; x_wconf 88' lang='lat' dir='ltr'>quam</span> 
     </span>
     <span class='ocr_line' id='line_1_19' title="bbox 591 2370 1787 2471; baseline -0.003 -20"><span class='ocrx_word' id='word_1_154' title='bbox 591 2397 631 2451; x_wconf 92' lang='lat' dir='ltr'>ut</span> <span class='ocrx_word' id='word_1_155' title='bbox 649 2398 693 2451; x_wconf 90' lang='lat' dir='ltr'>eo</span> <span class='ocrx_word' id='word_1_156' title='bbox 710 2375 835 2451; x_wconf 88' lang='lat' dir='ltr'>civitas</span> <span class='ocrx_word' id='word_1_157' title='bbox 854 2395 981 2469; x_wconf 86' lang='lat' dir='ltr'>magna</span> <span class='ocrx_word' id='word_1_158' title='bbox 996 2370 1137 2445; x_wconf 88' lang='lat' dir='ltr'>flumine</span> <span class='ocrx_word' id='word_1_159' title='bbox 1159 2370 1268 2445; x_wconf 86' lang='lat' dir='ltr'>divisa</span> <span class='ocrx_word' id='word_1_160' title='bbox 1293 2376 1373 2469; x_wconf 86' lang='lat' dir='ltr'>capi</span> <span class='ocrx_word' id='word_1_161' title='bbox 1395 2374 1526 2471; x_wconf 80' lang='lat' dir='ltr'>pollet,</span> <span class='ocrx_word' id='word_1_162' title='bbox 1549 2376 1679 2471; x_wconf 87' lang='lat' dir='ltr'>ubique</span> <span class='ocrx_word' id='word_1_163' title='bbox 1704 2375 1787 2448; x_wconf 81' lang='lat' dir='ltr'>Rex</span> 
     </span>
    </p>

    <p class='ocr_par' dir='ltr' id='par_1_4' title="bbox 420 2469 1864 4399">
     <span class='ocr_line' id='line_1_20' title="bbox 590 2469 1864 2638; baseline -0.004 -89"><span class='ocrx_word' id='word_1_164' title='bbox 590 2471 667 2571; x_wconf 86' lang='lat' dir='ltr'>ipse</span> <span class='ocrx_word' id='word_1_165' title='bbox 683 2469 844 2570; x_wconf 85' lang='lat' dir='ltr'>ptaefidio</span> <span class='ocrx_word' id='word_1_166' title='bbox 859 2470 1019 2567; x_wconf 83' lang='lat' dir='ltr'>corporis</span> <span class='ocrx_word' id='word_1_167' title='bbox 1037 2469 1213 2544; x_wconf 89' lang='lat' dir='ltr'>ordinario</span> <span class='ocrx_word' id='word_1_168' title='bbox 1227 2470 1381 2545; x_wconf 87' lang='lat' dir='ltr'>munitus</span> <span class='ocrx_word' id='word_1_169' title='bbox 1403 2472 1542 2638; x_wconf 50' lang='lat' dir='ltr'>affbat.</span> <span class='ocrx_word' id='word_1_170' title='bbox 1569 2470 1688 2567; x_wconf 88' lang='lat' dir='ltr'>ltaque</span> <span class='ocrx_word' id='word_1_171' title='bbox 1705 2469 1787 2569; x_wconf 83' lang='lat' dir='ltr'>post</span> <span class='ocrx_word' id='word_1_172' title='bbox 1857 2518 1864 2525; x_wconf 95' lang='lat'><em>-</em></span> 
     </span>
     <span class='ocr_line' id='line_1_21' title="bbox 528 2565 1788 2667; baseline -0.004 -22"><span class='ocrx_word' id='word_1_173' title='bbox 528 2644 531 2653; x_wconf 77' lang='grc'>,</span> <span class='ocrx_word' id='word_1_174' title='bbox 593 2572 730 2667; x_wconf 81' lang='lat' dir='ltr'>aliquot</span> <span class='ocrx_word' id='word_1_175' title='bbox 746 2566 989 2643; x_wconf 80' lang='lat' dir='ltr'>dimicationeu&#39;</span> <span class='ocrx_word' id='word_1_176' title='bbox 1050 2566 1107 2641; x_wconf 86' lang='lat' dir='ltr'>rvi</span> <span class='ocrx_word' id='word_1_177' title='bbox 1120 2567 1305 2655; x_wconf 87' lang='lat' dir='ltr'>momenti,</span> <span class='ocrx_word' id='word_1_178' title='bbox 1325 2565 1414 2641; x_wconf 87' lang='lat' dir='ltr'>defle</span> <span class='ocrx_word' id='word_1_179' title='bbox 1450 2591 1512 2643; x_wconf 87' lang='lat' dir='ltr'>ens</span> <span class='ocrx_word' id='word_1_180' title='bbox 1528 2569 1574 2640; x_wconf 90' lang='lat' dir='ltr'>ad</span> <span class='ocrx_word' id='word_1_181' title='bbox 1590 2569 1788 2658; x_wconf 83' lang='lat' dir='ltr'>dexteram,</span> 
     </span>
     <span class='ocr_line' id='line_1_22' title="bbox 594 2664 1788 2761; baseline -0.002 -20"><span class='ocrx_word' id='word_1_182' title='bbox 594 2664 686 2743; x_wconf 86' lang='lat' dir='ltr'>fines</span> <span class='ocrx_word' id='word_1_183' title='bbox 708 2664 894 2739; x_wconf 75' lang='lat' dir='ltr'>Noemonioe</span> <span class='ocrx_word' id='word_1_184' title='bbox 923 2687 986 2737; x_wconf 87' lang='lat' dir='ltr'>uer</span> <span class='ocrx_word' id='word_1_185' title='bbox 1002 2686 1043 2736; x_wconf 83' lang='lat' dir='ltr'>uo</span> <span class='ocrx_word' id='word_1_186' title='bbox 1060 2665 1193 2753; x_wconf 88' lang='lat' dir='ltr'>movit,</span> <span class='ocrx_word' id='word_1_187' title='bbox 1217 2665 1397 2761; x_wconf 89' lang='lat' dir='ltr'>multaque</span> <span class='ocrx_word' id='word_1_188' title='bbox 1411 2664 1447 2738; x_wconf 91' lang='lat' dir='ltr'>in</span> <span class='ocrx_word' id='word_1_189' title='bbox 1465 2665 1592 2739; x_wconf 88' lang='lat' dir='ltr'>itinere</span> <span class='ocrx_word' id='word_1_190' title='bbox 1605 2665 1788 2739; x_wconf 85' lang='lat' dir='ltr'>meditera·</span> 
     </span>
     <span class='ocr_line' id='line_1_23' title="bbox 593 2759 1789 2858; baseline 0.002 -24"><span class='ocrx_word' id='word_1_191' title='bbox 593 2784 664 2839; x_wconf 89' lang='lat' dir='ltr'>nea</span> <span class='ocrx_word' id='word_1_192' title='bbox 686 2759 821 2858; x_wconf 86' lang='lat' dir='ltr'>oppida</span> <span class='ocrx_word' id='word_1_193' title='bbox 844 2782 918 2835; x_wconf 92' lang='lat' dir='ltr'>non</span> <span class='ocrx_word' id='word_1_194' title='bbox 942 2762 1104 2849; x_wconf 87' lang='lat' dir='ltr'>munita,</span> <span class='ocrx_word' id='word_1_195' title='bbox 1138 2777 1224 2835; x_wconf 92' lang='lat' dir='ltr'>tuuc</span> <span class='ocrx_word' id='word_1_196' title='bbox 1247 2763 1414 2858; x_wconf 82' lang='lat' dir='ltr'>temporis</span> <span class='ocrx_word' id='word_1_197' title='bbox 1438 2762 1485 2835; x_wconf 88' lang='lat' dir='ltr'>ad</span> <span class='ocrx_word' id='word_1_198' title='bbox 1508 2764 1651 2837; x_wconf 80' lang='lat' dir='ltr'>unionis</span> <span class='ocrx_word' id='word_1_199' title='bbox 1674 2782 1789 2857; x_wconf 82' lang='lat' dir='ltr'>partes</span> 
     </span>
     <span class='ocr_line' id='line_1_24' title="bbox 594 2856 1789 2946; baseline -0.002 -15"><span class='ocrx_word' id='word_1_200' title='bbox 594 2860 758 2946; x_wconf 87' lang='lat' dir='ltr'>attraxit,</span> <span class='ocrx_word' id='word_1_201' title='bbox 784 2881 826 2931; x_wconf 86' lang='lat' dir='ltr'>uc</span> <span class='ocrx_word' id='word_1_202' title='bbox 837 2858 977 2930; x_wconf 88' lang='lat' dir='ltr'>taudem</span> <span class='ocrx_word' id='word_1_203' title='bbox 994 2860 1160 2933; x_wconf 78' lang='lat' dir='ltr'>Lutetiam</span> <span class='ocrx_word' id='word_1_204' title='bbox 1171 2856 1205 2929; x_wconf 86' lang='lat' dir='ltr'>se</span> <span class='ocrx_word' id='word_1_205' title='bbox 1219 2862 1385 2944; x_wconf 90' lang='lat' dir='ltr'>contulit,</span> <span class='ocrx_word' id='word_1_206' title='bbox 1408 2860 1471 2931; x_wconf 92' lang='lat' dir='ltr'>ubi</span> <span class='ocrx_word' id='word_1_207' title='bbox 1485 2860 1603 2933; x_wconf 91' lang='lat' dir='ltr'>omnia</span> <span class='ocrx_word' id='word_1_208' title='bbox 1621 2856 1789 2934; x_wconf 80' lang='lat' dir='ltr'>coufufim</span> 
     </span>
     <span class='ocr_line' id='line_1_25' title="bbox 596 2952 1785 3051; baseline 0 -24"><span class='ocrx_word' id='word_1_209' title='bbox 596 2952 807 3051; x_wconf 81' lang='lat' dir='ltr'>agebantur,</span> <span class='ocrx_word' id='word_1_210' title='bbox 828 2955 1024 3047; x_wconf 89' lang='lat' dir='ltr'>proculque</span> <span class='ocrx_word' id='word_1_211' title='bbox 1055 2953 1162 3027; x_wconf 91' lang='lat' dir='ltr'>dubio</span> <span class='ocrx_word' id='word_1_212' title='bbox 1179 2952 1397 3051; x_wconf 87' lang='lat' dir='ltr'>summopere</span> <span class='ocrx_word' id='word_1_213' title='bbox 1421 2954 1702 3030; x_wconf 83' lang='lat' dir='ltr'>netellaria&#39;erat</span> <span class='ocrx_word' id='word_1_214' title='bbox 1717 2959 1785 3049; x_wconf 83' lang='lat' dir='ltr'>ejm</span> 
     </span>
     <span class='ocr_line' id='line_1_26' title="bbox 467 3046 1792 3147; baseline -0.002 -24"><span class='ocrx_word' id='word_1_215' title='bbox 467 3100 474 3105; x_wconf 96' lang='lat'>-</span> <span class='ocrx_word' id='word_1_216' title='bbox 594 3046 789 3147; x_wconf 84' lang='lat' dir='ltr'>praesentia.</span> <span class='ocrx_word' id='word_1_217' title='bbox 804 3046 1072 3124; x_wconf 86' lang='lat' dir='ltr'>Occurrerated</span> <span class='ocrx_word' id='word_1_218' title='bbox 1084 3050 1180 3122; x_wconf 93' lang='lat' dir='ltr'>illico</span> <span class='ocrx_word' id='word_1_219' title='bbox 1194 3050 1273 3144; x_wconf 91' lang='lat' dir='ltr'>pust</span> <span class='ocrx_word' id='word_1_220' title='bbox 1285 3056 1416 3126; x_wconf 87' lang='lat' dir='ltr'>caedem</span> <span class='ocrx_word' id='word_1_221' title='bbox 1424 3052 1716 3127; x_wconf 82' lang='lat' dir='ltr'>Blesensem&#39;Dux</span> <span class='ocrx_word' id='word_1_222' title='bbox 1725 3054 1792 3123; x_wconf 60' lang='lat' dir='ltr'>Aa·</span> 
     </span>
     <span class='ocr_line' id='line_1_27' title="bbox 597 3142 1788 3245; baseline 0.003 -26"><span class='ocrx_word' id='word_1_223' title='bbox 597 3146 711 3219; x_wconf 82' lang='lat' dir='ltr'>molius</span> <span class='ocrx_word' id='word_1_224' title='bbox 732 3198 742 3233; x_wconf 86' lang='lat'>‚</span> <span class='ocrx_word' id='word_1_225' title='bbox 763 3142 1002 3240; x_wconf 90' lang='lat' dir='ltr'>summumque</span> <span class='ocrx_word' id='word_1_226' title='bbox 1020 3146 1203 3241; x_wconf 90' lang='lat' dir='ltr'>imperium</span> <span class='ocrx_word' id='word_1_227' title='bbox 1223 3148 1395 3220; x_wconf 80' lang='lat' dir='ltr'>Dumunoei</span> <span class='ocrx_word' id='word_1_228' title='bbox 1413 3146 1503 3245; x_wconf 86' lang='lat' dir='ltr'>juffu</span> <span class='ocrx_word' id='word_1_229' title='bbox 1522 3152 1558 3220; x_wconf 90' lang='lat' dir='ltr'>in</span> <span class='ocrx_word' id='word_1_230' title='bbox 1579 3147 1615 3221; x_wconf 87' lang='lat' dir='ltr'>se</span> <span class='ocrx_word' id='word_1_231' title='bbox 1635 3147 1788 3241; x_wconf 83' lang='lat' dir='ltr'>suscepe-</span> 
     </span>
     <span class='ocr_line' id='line_1_28' title="bbox 596 3240 1789 3338; baseline 0 -23"><span class='ocrx_word' id='word_1_232' title='bbox 596 3263 661 3317; x_wconf 87' lang='lat' dir='ltr'>rat.</span> <span class='ocrx_word' id='word_1_233' title='bbox 687 3240 757 3315; x_wconf 90' lang='lat' dir='ltr'>Sed</span> <span class='ocrx_word' id='word_1_234' title='bbox 776 3245 883 3317; x_wconf 86' lang='lat' dir='ltr'>chaos</span> <span class='ocrx_word' id='word_1_235' title='bbox 901 3240 988 3315; x_wconf 86' lang='lat' dir='ltr'>illud</span> <span class='ocrx_word' id='word_1_236' title='bbox 1006 3243 1071 3314; x_wconf 88' lang='lat' dir='ltr'>alia</span> <span class='ocrx_word' id='word_1_237' title='bbox 1089 3242 1230 3334; x_wconf 89' lang='lat' dir='ltr'>petebat</span> <span class='ocrx_word' id='word_1_238' title='bbox 1247 3246 1478 3332; x_wconf 83' lang='lat' dir='ltr'>remedia,·eo</span> <span class='ocrx_word' id='word_1_239' title='bbox 1506 3268 1550 3317; x_wconf 88' lang='lat' dir='ltr'>ue</span> <span class='ocrx_word' id='word_1_240' title='bbox 1562 3248 1683 3338; x_wconf 81' lang='lat' dir='ltr'>magis,</span> <span class='ocrx_word' id='word_1_241' title='bbox 1696 3245 1789 3338; x_wconf 91' lang='lat' dir='ltr'>quod</span> 
     </span>
     <span class='ocr_line' id='line_1_29' title="bbox 420 3270 1790 3435; baseline -0.001 -23"><span class='ocrx_word' id='word_1_242' title='bbox 420 3332 563 3397; x_wconf 64' lang='lat' dir='ltr'>*Sessl&#39;ffl-</span> <span class='ocrx_word' id='word_1_243' title='bbox 598 3362 653 3414; x_wconf 85' lang='lat' dir='ltr'>res</span> <span class='ocrx_word' id='word_1_244' title='bbox 669 3358 793 3413; x_wconf 89' lang='lat' dir='ltr'>contra</span> <span class='ocrx_word' id='word_1_245' title='bbox 810 3338 949 3413; x_wconf 83' lang='lat' dir='ltr'>Senliurn</span> <span class='ocrx_word' id='word_1_246' title='bbox 976 3337 996 3377; x_wconf 80' lang='lat'><em>*</em></span> <span class='ocrx_word' id='word_1_247' title='bbox 1021 3356 1164 3412; x_wconf 85' lang='lat' dir='ltr'>tentatae</span> <span class='ocrx_word' id='word_1_248' title='bbox 1187 3336 1320 3413; x_wconf 72' lang='lat' dir='ltr'>finistre</span> <span class='ocrx_word' id='word_1_249' title='bbox 1341 3270 1574 3413; x_wconf 67' lang='lat' dir='ltr'>succendent.</span> <span class='ocrx_word' id='word_1_250' title='bbox 1600 3338 1665 3411; x_wconf 87' lang='lat' dir='ltr'>Est</span> <span class='ocrx_word' id='word_1_251' title='bbox 1688 3342 1790 3435; x_wconf 84' lang='lat' dir='ltr'>oppi-</span> 
     </span>
     <span class='ocr_line' id='line_1_30' title="bbox 598 3431 1788 3534; baseline -0.003 -23"><span class='ocrx_word' id='word_1_252' title='bbox 598 3439 681 3511; x_wconf 92' lang='lat' dir='ltr'>dum</span> <span class='ocrx_word' id='word_1_253' title='bbox 696 3456 768 3509; x_wconf 89' lang='lat' dir='ltr'>non</span> <span class='ocrx_word' id='word_1_254' title='bbox 784 3434 892 3531; x_wconf 90' lang='lat' dir='ltr'>usque</span> <span class='ocrx_word' id='word_1_255' title='bbox 908 3431 999 3509; x_wconf 88' lang='lat' dir='ltr'>adeo</span> <span class='ocrx_word' id='word_1_256' title='bbox 1017 3457 1199 3528; x_wconf 89' lang='lat' dir='ltr'>magnum,</span> <span class='ocrx_word' id='word_1_257' title='bbox 1224 3455 1374 3509; x_wconf 85' lang='lat' dir='ltr'>attamen</span> <span class='ocrx_word' id='word_1_258' title='bbox 1382 3441 1520 3509; x_wconf 64' lang='lat' dir='ltr'>Lutetia</span> <span class='ocrx_word' id='word_1_259' title='bbox 1530 3439 1788 3534; x_wconf 89' lang='lat' dir='ltr'>propinquum,</span> 
     </span>
     <span class='ocr_line' id='line_1_31' title="bbox 600 3530 1790 3629; baseline -0.002 -22"><span class='ocrx_word' id='word_1_260' title='bbox 600 3533 639 3607; x_wconf 93' lang='lat'>&amp;</span> <span class='ocrx_word' id='word_1_261' title='bbox 665 3530 864 3605; x_wconf 87' lang='lat' dir='ltr'>adhaerebat</span> <span class='ocrx_word' id='word_1_262' title='bbox 886 3530 1028 3614; x_wconf 85' lang='lat' dir='ltr'>unioni,</span> <span class='ocrx_word' id='word_1_263' title='bbox 1049 3534 1101 3603; x_wconf 91' lang='lat' dir='ltr'>uti</span> <span class='ocrx_word' id='word_1_264' title='bbox 1123 3532 1225 3603; x_wconf 87' lang='lat' dir='ltr'>etiam</span> <span class='ocrx_word' id='word_1_265' title='bbox 1252 3535 1318 3605; x_wconf 87' lang='lat' dir='ltr'>alia</span> <span class='ocrx_word' id='word_1_266' title='bbox 1345 3532 1492 3629; x_wconf 86' lang='lat' dir='ltr'>ejusdem</span> <span class='ocrx_word' id='word_1_267' title='bbox 1513 3532 1655 3608; x_wconf 75' lang='lat' dir='ltr'>tractus.</span> <span class='ocrx_word' id='word_1_268' title='bbox 1708 3532 1790 3605; x_wconf 87' lang='lat' dir='ltr'>Hoc</span> 
     </span>
     <span class='ocr_line' id='line_1_32' title="bbox 421 3623 1788 3725; baseline -0.001 -23"><span class='ocrx_word' id='word_1_269' title='bbox 421 3634 458 3673; x_wconf 71' lang='lat'>*¹⁶</span> <span class='ocrx_word' id='word_1_270' title='bbox 479 3623 566 3689; x_wconf 78' lang='lat' dir='ltr'>Guil-</span> <span class='ocrx_word' id='word_1_271' title='bbox 599 3628 776 3702; x_wconf 89' lang='lat' dir='ltr'>Dominus</span> <span class='ocrx_word' id='word_1_272' title='bbox 791 3624 963 3700; x_wconf 81' lang='lat' dir='ltr'>DeTorrrs</span> <span class='ocrx_word' id='word_1_273' title='bbox 986 3626 1034 3667; x_wconf 74' lang='lat'>*⁸</span> <span class='ocrx_word' id='word_1_274' title='bbox 1056 3650 1099 3698; x_wconf 83' lang='lat' dir='ltr'>ex</span> <span class='ocrx_word' id='word_1_275' title='bbox 1113 3629 1425 3700; x_wconf 79' lang='lat' dir='ltr'>Mommomntiortim</span> <span class='ocrx_word' id='word_1_276' title='bbox 1437 3632 1582 3725; x_wconf 92' lang='lat' dir='ltr'>antiquo</span> <span class='ocrx_word' id='word_1_277' title='bbox 1594 3627 1788 3711; x_wconf 85' lang='lat' dir='ltr'>stemmate,</span> 
     </span>
     <span class='ocr_line' id='line_1_33' title="bbox 421 3712 1767 3843; baseline 0.001 -46"><span class='ocrx_word' id='word_1_278' title='bbox 421 3712 531 3843; x_wconf 56' lang='lat' dir='ltr'>stiffi</span> <span class='ocrx_word' id='word_1_279' title='bbox 600 3727 662 3825; x_wconf 91' lang='lat' dir='ltr'>qui</span> <span class='ocrx_word' id='word_1_280' title='bbox 675 3745 811 3819; x_wconf 84' lang='lat' dir='ltr'>maguae</span> <span class='ocrx_word' id='word_1_281' title='bbox 827 3722 879 3796; x_wconf 91' lang='lat' dir='ltr'>ibi</span> <span class='ocrx_word' id='word_1_282' title='bbox 895 3740 968 3797; x_wconf 88' lang='lat' dir='ltr'>erat</span> <span class='ocrx_word' id='word_1_283' title='bbox 985 3724 1226 3810; x_wconf 86' lang='lat' dir='ltr'>authoritatis,</span> <span class='ocrx_word' id='word_1_284' title='bbox 1249 3725 1434 3821; x_wconf 68' lang='lat' dir='ltr'>inopinate</span> <span class='ocrx_word' id='word_1_285' title='bbox 1454 3722 1767 3822; x_wconf 60' lang='lat' dir='ltr'>occupaverat&amp;</span> 
     </span>
     <span class='ocr_line' id='line_1_34' title="bbox 421 3792 1792 3937; baseline -0.006 -39"><span class='ocrx_word' id='word_1_286' title='bbox 421 3792 570 3937; x_wconf 44' lang='lat' dir='ltr'>‘30oessss</span> <span class='ocrx_word' id='word_1_287' title='bbox 602 3824 646 3898; x_wconf 92' lang='lat' dir='ltr'>ad</span> <span class='ocrx_word' id='word_1_288' title='bbox 672 3823 784 3917; x_wconf 85' lang='lat' dir='ltr'>regias</span> <span class='ocrx_word' id='word_1_289' title='bbox 809 3838 927 3913; x_wconf 87' lang='lat' dir='ltr'>partes</span> <span class='ocrx_word' id='word_1_290' title='bbox 959 3817 1177 3904; x_wconf 83' lang='lat' dir='ltr'>reduxerat,</span> <span class='ocrx_word' id='word_1_291' title='bbox 1210 3824 1307 3915; x_wconf 90' lang='lat' dir='ltr'>quod</span> <span class='ocrx_word' id='word_1_292' title='bbox 1330 3844 1401 3895; x_wconf 95' lang='lat' dir='ltr'>uon</span> <span class='ocrx_word' id='word_1_293' title='bbox 1425 3846 1548 3917; x_wconf 88' lang='lat' dir='ltr'>parum</span> <span class='ocrx_word' id='word_1_294' title='bbox 1577 3827 1729 3895; x_wconf 89' lang='lat' dir='ltr'>incomm</span> <span class='ocrx_word' id='word_1_295' title='bbox 1780 3823 1792 3890; x_wconf 90' lang='lat' dir='ltr'>i</span> 
     </span>
     <span class='ocr_line' id='line_1_35' title="bbox 421 3912 1793 4013; baseline -0.01 -14"><span class='ocrx_word' id='word_1_296' title='bbox 421 3942 562 4013; x_wconf 77' lang='lat' dir='ltr'>Setgneur</span> <span class='ocrx_word' id='word_1_297' title='bbox 602 3922 740 3993; x_wconf 73' lang='lat' dir='ltr'>Lutetia</span> <span class='ocrx_word' id='word_1_298' title='bbox 763 3912 916 3991; x_wconf 85' lang='lat' dir='ltr'>adferret</span> <span class='ocrx_word' id='word_1_299' title='bbox 939 3938 951 4001; x_wconf 91' lang='lat'>;</span> <span class='ocrx_word' id='word_1_300' title='bbox 974 3914 1146 3990; x_wconf 84' lang='lat' dir='ltr'>Decrevit</span> <span class='ocrx_word' id='word_1_301' title='bbox 1167 3914 1348 4004; x_wconf 74' lang='lat' dir='ltr'>Aureolus,</span> <span class='ocrx_word' id='word_1_302' title='bbox 1374 3938 1518 4013; x_wconf 85' lang='lat' dir='ltr'>totaque</span> <span class='ocrx_word' id='word_1_303' title='bbox 1541 3920 1662 3992; x_wconf 83' lang='lat' dir='ltr'>civitas</span> <span class='ocrx_word' id='word_1_304' title='bbox 1687 3920 1793 3989; x_wconf 78' lang='lat' dir='ltr'>armis</span> 
     </span>
     <span class='ocr_line' id='line_1_36' title="bbox 422 4010 1797 4111; baseline -0.005 -22"><span class='ocrx_word' id='word_1_305' title='bbox 422 4022 459 4083; x_wconf 88' lang='lat' dir='ltr'>de</span> <span class='ocrx_word' id='word_1_306' title='bbox 472 4016 555 4078; x_wconf 79' lang='lat' dir='ltr'>Tho·</span> <span class='ocrx_word' id='word_1_307' title='bbox 602 4015 877 4109; x_wconf 89' lang='lat' dir='ltr'>recuperandum</span> <span class='ocrx_word' id='word_1_308' title='bbox 895 4010 972 4087; x_wconf 85' lang='lat' dir='ltr'>effe.</span> <span class='ocrx_word' id='word_1_309' title='bbox 998 4012 1180 4087; x_wconf 75' lang='lat' dir='ltr'>Confetiae</span> <span class='ocrx_word' id='word_1_310' title='bbox 1201 4014 1320 4108; x_wconf 90' lang='lat' dir='ltr'>itaque</span> <span class='ocrx_word' id='word_1_311' title='bbox 1338 4036 1475 4110; x_wconf 84' lang='lat' dir='ltr'>magnae</span> <span class='ocrx_word' id='word_1_312' title='bbox 1491 4016 1667 4111; x_wconf 82' lang='lat' dir='ltr'>equitum,</span> <span class='ocrx_word' id='word_1_313' title='bbox 1690 4014 1797 4105; x_wconf 83' lang='lat' dir='ltr'>pedi·</span> 
     </span>
     <span class='ocr_line' id='line_1_37' title="bbox 421 4100 1798 4207; baseline -0.002 -24"><span class='ocrx_word' id='word_1_314' title='bbox 421 4100 464 4162; x_wconf 73' lang='lat'>¹⁶·</span> <span class='ocrx_word' id='word_1_315' title='bbox 585 4130 745 4207; x_wconf 38' lang='lat' dir='ltr'>‘tumque</span> <span class='ocrx_word' id='word_1_316' title='bbox 762 4110 876 4204; x_wconf 87' lang='lat' dir='ltr'>copiae</span> <span class='ocrx_word' id='word_1_317' title='bbox 893 4135 937 4185; x_wconf 84' lang='lat' dir='ltr'>ex</span> <span class='ocrx_word' id='word_1_318' title='bbox 957 4110 1115 4194; x_wconf 83' lang='lat' dir='ltr'>civibus3</span> <span class='ocrx_word' id='word_1_319' title='bbox 1140 4113 1228 4183; x_wconf 88' lang='lat' dir='ltr'>dena</span> <span class='ocrx_word' id='word_1_320' title='bbox 1258 4132 1431 4183; x_wconf 87' lang='lat' dir='ltr'>tormenta</span> <span class='ocrx_word' id='word_1_321' title='bbox 1459 4114 1603 4184; x_wconf 87' lang='lat' dir='ltr'>muralia</span> <span class='ocrx_word' id='word_1_322' title='bbox 1626 4126 1702 4183; x_wconf 87' lang='lat' dir='ltr'>cum</span> <span class='ocrx_word' id='word_1_323' title='bbox 1725 4130 1798 4180; x_wconf 88' lang='lat' dir='ltr'>ne-</span> 
     </span>
     <span class='ocr_line' id='line_1_38' title="bbox 604 4204 1797 4303; baseline -0.002 -25"><span class='ocrx_word' id='word_1_324' title='bbox 604 4206 744 4281; x_wconf 84' lang='lat' dir='ltr'>cellario</span> <span class='ocrx_word' id='word_1_325' title='bbox 764 4225 954 4303; x_wconf 86' lang='lat' dir='ltr'>apparatu,</span> <span class='ocrx_word' id='word_1_326' title='bbox 980 4206 1141 4289; x_wconf 71' lang='lat' dir='ltr'>Lutetia,</span> <span class='ocrx_word' id='word_1_327' title='bbox 1157 4206 1264 4299; x_wconf 87' lang='lat' dir='ltr'>inque</span> <span class='ocrx_word' id='word_1_328' title='bbox 1281 4206 1434 4292; x_wconf 81' lang='lat' dir='ltr'>finitimis</span> <span class='ocrx_word' id='word_1_329' title='bbox 1452 4206 1611 4284; x_wconf 82' lang='lat' dir='ltr'>Picardiae</span> <span class='ocrx_word' id='word_1_330' title='bbox 1637 4204 1797 4278; x_wconf 81' lang='lat' dir='ltr'>ciuitati·</span> 
     </span>
     <span class='ocr_line' id='line_1_39' title="bbox 603 4299 1799 4399; baseline -0.003 -24"><span class='ocrx_word' id='word_1_331' title='bbox 603 4299 699 4385; x_wconf 82' lang='lat' dir='ltr'>but,</span> <span class='ocrx_word' id='word_1_332' title='bbox 731 4320 929 4399; x_wconf 71' lang='lat' dir='ltr'>praeparata</span> <span class='ocrx_word' id='word_1_333' title='bbox 960 4322 1074 4396; x_wconf 90' lang='lat' dir='ltr'>coque</span> <span class='ocrx_word' id='word_1_334' title='bbox 1100 4302 1259 4375; x_wconf 76' lang='lat' dir='ltr'>addutia.</span> <span class='ocrx_word' id='word_1_335' title='bbox 1307 4303 1478 4378; x_wconf 80' lang='lat' dir='ltr'>Venit&amp;</span> <span class='ocrx_word' id='word_1_336' title='bbox 1505 4312 1671 4380; x_wconf 78' lang='lat' dir='ltr'>camerato</span> <span class='ocrx_word' id='word_1_337' title='bbox 1701 4304 1799 4375; x_wconf 78' lang='lat' dir='ltr'>Bala-</span> 
     </span>
    </p>
   </div>
   <div class='ocr_carea' id='block_1_3' title="bbox 420 4388 1803 4582">
    <p class='ocr_par' dir='ltr' id='par_1_5' title="bbox 420 4388 1803 4582">
     <span class='ocr_line' id='line_1_40' title="bbox 420 4388 1801 4570; baseline -0.006 -93"><span class='ocrx_word' id='word_1_338' title='bbox 420 4388 528 4545; x_wconf 37' lang='lat'>32012·</span> <span class='ocrx_word' id='word_1_339' title='bbox 598 4398 694 4497; x_wconf 77' lang='lat' dir='ltr'>gntus</span> <span class='ocrx_word' id='word_1_340' title='bbox 719 4399 741 4490; x_wconf 93' lang='lat'>†</span> <span class='ocrx_word' id='word_1_341' title='bbox 773 4420 854 4473; x_wconf 89' lang='lat' dir='ltr'>cum</span> <span class='ocrx_word' id='word_1_342' title='bbox 881 4400 1051 4475; x_wconf 88' lang='lat' dir='ltr'>nonnullo</span> <span class='ocrx_word' id='word_1_343' title='bbox 1078 4400 1213 4488; x_wconf 84' lang='lat' dir='ltr'>milite3</span> <span class='ocrx_word' id='word_1_344' title='bbox 1237 4422 1387 4499; x_wconf 88' lang='lat' dir='ltr'>cumque</span> <span class='ocrx_word' id='word_1_345' title='bbox 1409 4402 1583 4477; x_wconf 79' lang='lat' dir='ltr'>exercitus</span> <span class='ocrx_word' id='word_1_346' title='bbox 1607 4396 1801 4570; x_wconf 42' lang='lat' dir='ltr'>ellidii&amp;-</span> 
     </span>
     <span class='ocr_line' id='line_1_41' title="bbox 1788 4545 1803 4582; baseline 0 0"><span class='ocrx_word' id='word_1_347' title='bbox 1788 4545 1803 4582; x_wconf 60' lang='grc' dir='ltr'><em>θ</em></span> 
     </span>
    </p>
   </div>
   <div class='ocr_carea' id='block_1_4' title="bbox 0 0 2020 5167">
    <p class='ocr_par' dir='ltr' id='par_1_6' title="bbox 0 0 2020 5167">
     <span class='ocr_line' id='line_1_42' title="bbox 0 0 2020 5167; baseline 0 0"><span class='ocrx_word' id='word_1_348' title='bbox 0 0 2020 5167; x_wconf 95' lang='lat' dir='ltr'> </span> 
     </span>
    </p>
   </div>
  </div>
 </body>
</html>
