<?xml version="1.0" encoding="UTF-8"?>
<!DOCTYPE html PUBLIC "-//W3C//DTD XHTML 1.0 Transitional//EN"
    "http://www.w3.org/TR/xhtml1/DTD/xhtml1-transitional.dtd">
<html xmlns="http://www.w3.org/1999/xhtml" xml:lang="en" lang="en">
 <head>
  <title>
</title>
<meta http-equiv="Content-Type" content="text/html;charset=utf-8" />
  <meta name='ocr-system' content='tesseract 3.04.00' />
  <meta name='ocr-capabilities' content='ocr_page ocr_carea ocr_par ocr_line ocrx_word'/>
</head>
<body>
  <div class='ocr_page' id='page_1' title='image "./vitavigliiabayt00papegoog_0402.png"; bbox 0 0 3984 5167; ppageno 0'>
   <div class='ocr_carea' id='block_1_1' title="bbox 396 410 1437 596">
    <p class='ocr_par' dir='ltr' id='par_1_1' title="bbox 396 410 1437 596">
     <span class='ocr_line' id='line_1_1' title="bbox 396 410 1437 596; baseline 0.028 -33"><span class='ocrx_word' id='word_1_1' title='bbox 396 410 1254 587; x_wconf 70' lang='lat' dir='ltr'><strong>nruanururus.</strong></span> <span class='ocrx_word' id='word_1_2' title='bbox 1355 436 1437 596; x_wconf 74' lang='lat' dir='ltr'><strong>ass</strong></span> 
     </span>
    </p>
   </div>
   <div class='ocr_carea' id='block_1_2' title="bbox 109 647 1598 4087">
    <p class='ocr_par' dir='ltr' id='par_1_2' title="bbox 109 647 1598 4087">
     <span class='ocr_line' id='line_1_2' title="bbox 239 647 1590 770; baseline -0.004 -45"><span class='ocrx_word' id='word_1_3' title='bbox 239 648 561 737; x_wconf 86' lang='lat' dir='ltr'><strong>confirmationem,</strong></span> <span class='ocrx_word' id='word_1_4' title='bbox 594 650 1200 749; x_wconf 85' lang='lat' dir='ltr'><strong>publicationem,&#39;perpetuamque</strong></span> <span class='ocrx_word' id='word_1_5' title='bbox 1229 647 1267 723; x_wconf 73' lang='grc' dir='ltr'><strong>δι</strong></span> <span class='ocrx_word' id='word_1_6' title='bbox 1299 648 1434 722; x_wconf 86' lang='lat' dir='ltr'><strong>firmam</strong></span> <span class='ocrx_word' id='word_1_7' title='bbox 1487 693 1590 770; x_wconf 44' lang='lat'>1579·</span> 
     </span>
     <span class='ocr_line' id='line_1_3' title="bbox 239 743 1598 845; baseline 0.001 -25"><span class='ocrx_word' id='word_1_8' title='bbox 239 744 517 823; x_wconf 86' lang='lat' dir='ltr'><strong>observationem</strong></span> <span class='ocrx_word' id='word_1_9' title='bbox 547 750 649 845; x_wconf 86' lang='lat' dir='ltr'><strong>hujus</strong></span> <span class='ocrx_word' id='word_1_10' title='bbox 680 745 967 836; x_wconf 78' lang='lat' dir='ltr'><strong>pacificationis,</strong></span> <span class='ocrx_word' id='word_1_11' title='bbox 999 743 1117 842; x_wconf 89' lang='lat' dir='ltr'><strong>postea</strong></span> <span class='ocrx_word' id='word_1_12' title='bbox 1145 744 1316 839; x_wconf 82' lang='lat' dir='ltr'><strong>agendum</strong></span> <span class='ocrx_word' id='word_1_13' title='bbox 1344 749 1433 837; x_wconf 87' lang='lat' dir='ltr'><strong>etit,</strong></span> <span class='ocrx_word' id='word_1_14' title='bbox 1473 753 1486 777; x_wconf 83' lang='lat'>&#39;</span> <span class='ocrx_word' id='word_1_15' title='bbox 1596 803 1598 807; x_wconf 83' lang='lat'>-</span> 
     </span>
     <span class='ocr_line' id='line_1_4' title="bbox 238 842 1468 939; baseline 0.005 -24"><span class='ocrx_word' id='word_1_16' title='bbox 238 864 319 939; x_wconf 89' lang='lat' dir='ltr'><strong>cum</strong></span> <span class='ocrx_word' id='word_1_17' title='bbox 339 842 468 918; x_wconf 85' lang='lat' dir='ltr'><strong>fuerint</strong></span> <span class='ocrx_word' id='word_1_18' title='bbox 486 845 699 921; x_wconf 83' lang='lat' dir='ltr'><strong>concordata</strong></span> <span class='ocrx_word' id='word_1_19' title='bbox 723 849 759 920; x_wconf 77' lang='lat' dir='ltr'><strong>dc</strong></span> <span class='ocrx_word' id='word_1_20' title='bbox 785 842 957 921; x_wconf 87' lang='lat' dir='ltr'><strong>conclusa.</strong></span> <span class='ocrx_word' id='word_1_21' title='bbox 1050 866 1054 876; x_wconf 85' lang='lat'>&#39;</span> <span class='ocrx_word' id='word_1_22' title='bbox 1152 891 1170 922; x_wconf 76' lang='lat'>0</span> <span class='ocrx_word' id='word_1_23' title='bbox 1463 894 1468 905; x_wconf 93' lang='lat'>-</span> 
     </span>
     <span class='ocr_line' id='line_1_5' title="bbox 288 932 1431 1037; baseline 0 -26"><span class='ocrx_word' id='word_1_24' title='bbox 288 937 516 1013; x_wconf 86' lang='lat' dir='ltr'><strong>CLXXXIX.</strong></span> <span class='ocrx_word' id='word_1_25' title='bbox 542 940 628 1012; x_wconf 87' lang='lat' dir='ltr'>Erat</span> <span class='ocrx_word' id='word_1_26' title='bbox 641 938 1024 1037; x_wconf 86' lang='lat' dir='ltr'><strong>Ordinurnresponsum</strong></span> <span class='ocrx_word' id='word_1_27' title='bbox 1040 936 1171 1010; x_wconf 88' lang='lat' dir='ltr'><strong>mitiori</strong></span> <span class='ocrx_word' id='word_1_28' title='bbox 1185 934 1326 1029; x_wconf 88' lang='lat' dir='ltr'><strong>quidem</strong></span> <span class='ocrx_word' id='word_1_29' title='bbox 1339 932 1431 1032; x_wconf 84' lang='lat' dir='ltr'><strong>stylo</strong></span> 
     </span>
     <span class='ocr_line' id='line_1_6' title="bbox 237 1031 1431 1133; baseline -0.003 -23"><span class='ocrx_word' id='word_1_30' title='bbox 237 1031 498 1131; x_wconf 88' lang='lat' dir='ltr'><strong>conscriptum,</strong></span> <span class='ocrx_word' id='word_1_31' title='bbox 522 1034 580 1110; x_wconf 90' lang='lat' dir='ltr'><strong>sed</strong></span> <span class='ocrx_word' id='word_1_32' title='bbox 600 1054 813 1112; x_wconf 90' lang='lat' dir='ltr'><strong>tamencum</strong></span> <span class='ocrx_word' id='word_1_33' title='bbox 841 1040 877 1112; x_wconf 96' lang='lat' dir='ltr'><strong>in</strong></span> <span class='ocrx_word' id='word_1_34' title='bbox 893 1033 1033 1133; x_wconf 67' lang='lat' dir='ltr'><strong>punbiis</strong></span> <span class='ocrx_word' id='word_1_35' title='bbox 1051 1033 1267 1129; x_wconf 84' lang='lat' dir='ltr'><strong>Religionis,</strong></span> <span class='ocrx_word' id='word_1_36' title='bbox 1310 1036 1431 1106; x_wconf 81' lang='lat' dir='ltr'><strong>autho</strong></span> 
     </span>
     <span class='ocr_line' id='line_1_7' title="bbox 236 1129 1432 1229; baseline -0.003 -25"><span class='ocrx_word' id='word_1_37' title='bbox 236 1132 414 1229; x_wconf 79' lang='lat' dir='ltr'><strong>citatisque</strong></span> <span class='ocrx_word' id='word_1_38' title='bbox 435 1129 556 1229; x_wconf 85' lang='lat' dir='ltr'><strong>Regiae</strong></span> <span class='ocrx_word' id='word_1_39' title='bbox 573 1156 644 1207; x_wconf 92' lang='lat' dir='ltr'><strong>non</strong></span> <span class='ocrx_word' id='word_1_40' title='bbox 661 1136 708 1207; x_wconf 87' lang='lat' dir='ltr'><strong>ita</strong></span> <span class='ocrx_word' id='word_1_41' title='bbox 725 1138 906 1212; x_wconf 88' lang='lat' dir='ltr'><strong>videretur</strong></span> <span class='ocrx_word' id='word_1_42' title='bbox 931 1130 1100 1205; x_wconf 80' lang='lat' dir='ltr'><strong>desiderio</strong></span> <span class='ocrx_word' id='word_1_43' title='bbox 1122 1154 1163 1202; x_wconf 93' lang='lat' dir='ltr'><strong>ac</strong></span> <span class='ocrx_word' id='word_1_44' title='bbox 1182 1129 1292 1202; x_wconf 89' lang='lat' dir='ltr'><strong>menti</strong></span> <span class='ocrx_word' id='word_1_45' title='bbox 1322 1129 1432 1220; x_wconf 83' lang='lat' dir='ltr'><strong>Regis</strong></span> 
     </span>
     <span class='ocr_line' id='line_1_8' title="bbox 233 1224 1430 1323; baseline -0.007 -22"><span class='ocrx_word' id='word_1_46' title='bbox 233 1232 552 1323; x_wconf 87' lang='lat' dir='ltr'><strong>accommodatum,</strong></span> <span class='ocrx_word' id='word_1_47' title='bbox 577 1252 617 1303; x_wconf 90' lang='lat' dir='ltr'><strong>ut</strong></span> <span class='ocrx_word' id='word_1_48' title='bbox 633 1234 760 1303; x_wconf 88' lang='lat' dir='ltr'><strong>merito</strong></span> <span class='ocrx_word' id='word_1_49' title='bbox 776 1232 931 1304; x_wconf 87' lang='lat' dir='ltr'><strong>alliceret</strong></span> <span class='ocrx_word' id='word_1_50' title='bbox 954 1230 1089 1323; x_wconf 87' lang='lat' dir='ltr'><strong>legatos</strong></span> <span class='ocrx_word' id='word_1_51' title='bbox 1115 1248 1158 1299; x_wconf 87' lang='lat' dir='ltr'><strong>ex</strong></span> <span class='ocrx_word' id='word_1_52' title='bbox 1181 1225 1306 1297; x_wconf 88' lang='lat' dir='ltr'><strong>itinere</strong></span> <span class='ocrx_word' id='word_1_53' title='bbox 1323 1224 1430 1297; x_wconf 89' lang='lat' dir='ltr'><strong>Colo·</strong></span> 
     </span>
     <span class='ocr_line' id='line_1_9' title="bbox 232 1320 1432 1421; baseline -0.001 -25"><span class='ocrx_word' id='word_1_54' title='bbox 232 1328 324 1397; x_wconf 89' lang='lat' dir='ltr'><strong>niam</strong></span> <span class='ocrx_word' id='word_1_55' title='bbox 343 1328 493 1410; x_wconf 88' lang='lat' dir='ltr'><strong>reverti,</strong></span> <span class='ocrx_word' id='word_1_56' title='bbox 516 1327 583 1398; x_wconf 89' lang='lat' dir='ltr'><strong>iter</strong></span> <span class='ocrx_word' id='word_1_57' title='bbox 601 1326 695 1419; x_wconf 85' lang='lat' dir='ltr'><strong>quod</strong></span> <span class='ocrx_word' id='word_1_58' title='bbox 708 1326 778 1421; x_wconf 89' lang='lat' dir='ltr'><strong>jam</strong></span> <span class='ocrx_word' id='word_1_59' title='bbox 794 1324 1033 1419; x_wconf 83' lang='lat' dir='ltr'><strong>susceperant,</strong></span> <span class='ocrx_word' id='word_1_60' title='bbox 1056 1320 1233 1418; x_wconf 86' lang='lat' dir='ltr'><strong>prosecuti</strong></span> <span class='ocrx_word' id='word_1_61' title='bbox 1250 1320 1337 1393; x_wconf 91' lang='lat' dir='ltr'><strong>sunt.</strong></span> <span class='ocrx_word' id='word_1_62' title='bbox 1364 1320 1432 1395; x_wconf 82' lang='lat' dir='ltr'><strong>lta·</strong></span> 
     </span>
     <span class='ocr_line' id='line_1_10' title="bbox 109 1416 1514 1515; baseline -0.001 -23"><span class='ocrx_word' id='word_1_63' title='bbox 109 1458 111 1463; x_wconf 35' lang='lat' dir='ltr'>v</span> <span class='ocrx_word' id='word_1_64' title='bbox 214 1444 302 1513; x_wconf 82' lang='lat' dir='ltr'><strong>¹que</strong></span> <span class='ocrx_word' id='word_1_65' title='bbox 327 1422 423 1515; x_wconf 90' lang='lat' dir='ltr'><strong>quod</strong></span> <span class='ocrx_word' id='word_1_66' title='bbox 470 1418 622 1515; x_wconf 87' lang='lat' dir='ltr'><strong>eousque</strong></span> <span class='ocrx_word' id='word_1_67' title='bbox 645 1418 811 1497; x_wconf 71' lang='lat' dir='ltr'><strong>infestum</strong></span> <span class='ocrx_word' id='word_1_68' title='bbox 837 1424 1019 1507; x_wconf 84' lang='lat' dir='ltr'><strong>extiterat,</strong></span> <span class='ocrx_word' id='word_1_69' title='bbox 1053 1416 1220 1492; x_wconf 71' lang='lat' dir='ltr'><strong>infecium</strong></span> <span class='ocrx_word' id='word_1_70' title='bbox 1246 1418 1282 1490; x_wconf 72' lang='grc' dir='ltr'><strong>ὃ(</strong></span> <span class='ocrx_word' id='word_1_71' title='bbox 1313 1418 1432 1513; x_wconf 82' lang='lat' dir='ltr'><strong>postea</strong></span> <span class='ocrx_word' id='word_1_72' title='bbox 1509 1496 1514 1505; x_wconf 30' lang='lat'><strong>⁴</strong></span> 
     </span>
     <span class='ocr_line' id='line_1_11' title="bbox 234 1514 1272 1613; baseline -0.005 -26"><span class='ocrx_word' id='word_1_73' title='bbox 234 1514 379 1599; x_wconf 83' lang='lat' dir='ltr'><strong>manslt,</strong></span> <span class='ocrx_word' id='word_1_74' title='bbox 404 1514 584 1609; x_wconf 88' lang='lat' dir='ltr'><strong>omnisque</strong></span> <span class='ocrx_word' id='word_1_75' title='bbox 603 1521 748 1592; x_wconf 84' lang='lat' dir='ltr'><strong>ulterior</strong></span> <span class='ocrx_word' id='word_1_76' title='bbox 766 1522 811 1591; x_wconf 89' lang='lat' dir='ltr'><strong>de</strong></span> <span class='ocrx_word' id='word_1_77' title='bbox 834 1538 921 1613; x_wconf 85' lang='lat' dir='ltr'><strong>pace</strong></span> <span class='ocrx_word' id='word_1_78' title='bbox 938 1515 1097 1587; x_wconf 68' lang='lat' dir='ltr'><strong>tractatio</strong></span> <span class='ocrx_word' id='word_1_79' title='bbox 1118 1514 1272 1587; x_wconf 90' lang='lat' dir='ltr'><strong>evanuit.</strong></span> 
     </span>
     <span class='ocr_line' id='line_1_12' title="bbox 284 1604 1425 1710; baseline -0.001 -27"><span class='ocrx_word' id='word_1_80' title='bbox 284 1608 395 1685; x_wconf 90' lang='lat' dir='ltr'><strong>CXC.</strong></span> <span class='ocrx_word' id='word_1_81' title='bbox 420 1608 541 1685; x_wconf 77' lang='lat' dir='ltr'><strong>Restat</strong></span> <span class='ocrx_word' id='word_1_82' title='bbox 560 1634 654 1685; x_wconf 89' lang='lat' dir='ltr'><strong>nunc</strong></span> <span class='ocrx_word' id='word_1_83' title='bbox 688 1614 771 1710; x_wconf 90' lang='lat' dir='ltr'><strong>quid</strong></span> <span class='ocrx_word' id='word_1_84' title='bbox 797 1608 1092 1697; x_wconf 87' lang='lat' dir='ltr'><strong>Atthesrenfibus,</strong></span> <span class='ocrx_word' id='word_1_85' title='bbox 1117 1604 1425 1697; x_wconf 86' lang='lat' dir='ltr'><strong>Hauonienlibus,</strong></span> 
     </span>
     <span class='ocr_line' id='line_1_13' title="bbox 235 1694 1431 1801; baseline 0 -22"><span class='ocrx_word' id='word_1_86' title='bbox 235 1706 425 1796; x_wconf 85' lang='lat' dir='ltr'><strong>Insulanis,</strong></span> <span class='ocrx_word' id='word_1_87' title='bbox 461 1706 723 1797; x_wconf 84' lang='lat' dir='ltr'><strong>Duacensrbus,</strong></span> <span class='ocrx_word' id='word_1_88' title='bbox 757 1732 798 1784; x_wconf 88' lang='lat' dir='ltr'><strong>ac</strong></span> <span class='ocrx_word' id='word_1_89' title='bbox 828 1694 1202 1801; x_wconf 77' lang='lat' dir='ltr'><strong>Orchienfibussuper</strong></span> <span class='ocrx_word' id='word_1_90' title='bbox 1227 1705 1431 1779; x_wconf 87' lang='lat' dir='ltr'><strong>reconcilia·</strong></span> 
     </span>
     <span class='ocr_line' id='line_1_14' title="bbox 233 1798 1426 1905; baseline 0 -30"><span class='ocrx_word' id='word_1_91' title='bbox 233 1804 331 1899; x_wconf 77' lang='lat' dir='ltr'><strong>tione</strong></span> <span class='ocrx_word' id='word_1_92' title='bbox 347 1826 426 1877; x_wconf 88' lang='lat' dir='ltr'><strong>curn</strong></span> <span class='ocrx_word' id='word_1_93' title='bbox 445 1798 544 1898; x_wconf 87' lang='lat' dir='ltr'><strong>Rege</strong></span> <span class='ocrx_word' id='word_1_94' title='bbox 564 1808 741 1895; x_wconf 88' lang='lat' dir='ltr'><strong>ineunda,</strong></span> <span class='ocrx_word' id='word_1_95' title='bbox 777 1808 849 1905; x_wconf 86' lang='lat' dir='ltr'><strong>qud</strong></span> <span class='ocrx_word' id='word_1_96' title='bbox 870 1826 949 1879; x_wconf 87' lang='lat' dir='ltr'><strong>ante</strong></span> <span class='ocrx_word' id='word_1_97' title='bbox 972 1827 1033 1879; x_wconf 89' lang='lat' dir='ltr'><strong>eos</strong></span> <span class='ocrx_word' id='word_1_98' title='bbox 1059 1806 1227 1877; x_wconf 87' lang='lat' dir='ltr'><strong>inclinare</strong></span> <span class='ocrx_word' id='word_1_99' title='bbox 1253 1801 1426 1891; x_wconf 81' lang='lat' dir='ltr'><strong>diximus,</strong></span> 
     </span>
     <span class='ocr_line' id='line_1_15' title="bbox 233 1900 1455 1985; baseline -0.002 -12"><span class='ocrx_word' id='word_1_100' title='bbox 233 1900 421 1985; x_wconf 88' lang='lat' dir='ltr'><strong>acciderit,</strong></span> <span class='ocrx_word' id='word_1_101' title='bbox 457 1922 625 1973; x_wconf 88' lang='lat' dir='ltr'><strong>enarrare.</strong></span> <span class='ocrx_word' id='word_1_102' title='bbox 768 1926 771 1933; x_wconf 76' lang='grc'>’</span> <span class='ocrx_word' id='word_1_103' title='bbox 1248 1936 1256 1949; x_wconf 82' lang='lat'><strong>·</strong></span> <span class='ocrx_word' id='word_1_104' title='bbox 1452 1912 1455 1918; x_wconf 82' lang='lat'>&#39;</span> 
     </span>
     <span class='ocr_line' id='line_1_16' title="bbox 284 1989 1426 2073; baseline -0.004 -4"><span class='ocrx_word' id='word_1_105' title='bbox 284 1994 412 2069; x_wconf 86' lang='lat' dir='ltr'><strong>CXCI.</strong></span> <span class='ocrx_word' id='word_1_106' title='bbox 437 1994 647 2071; x_wconf 76' lang='lat' dir='ltr'><strong>Trasiarunt</strong></span> <span class='ocrx_word' id='word_1_107' title='bbox 677 1996 873 2073; x_wconf 83' lang='lat' dir='ltr'><strong>earumdem</strong></span> <span class='ocrx_word' id='word_1_108' title='bbox 904 1995 1171 2070; x_wconf 78' lang='lat' dir='ltr'><strong>provinciarum</strong></span> <span class='ocrx_word' id='word_1_109' title='bbox 1195 1989 1426 2066; x_wconf 83' lang='lat' dir='ltr'><strong>Commillarii</strong></span> 
     </span>
     <span class='ocr_line' id='line_1_17' title="bbox 233 2088 1425 2189; baseline -0.003 -25"><span class='ocrx_word' id='word_1_110' title='bbox 233 2090 392 2189; x_wconf 84' lang='lat' dir='ltr'><strong>Atrebati</strong></span> <span class='ocrx_word' id='word_1_111' title='bbox 407 2114 484 2165; x_wconf 89' lang='lat' dir='ltr'><strong>curn</strong></span> <span class='ocrx_word' id='word_1_112' title='bbox 503 2088 679 2189; x_wconf 71' lang='lat' dir='ltr'><strong>praedidiis</strong></span> <span class='ocrx_word' id='word_1_113' title='bbox 704 2091 948 2167; x_wconf 84' lang='lat' dir='ltr'><strong>Commislariis</strong></span> <span class='ocrx_word' id='word_1_114' title='bbox 972 2090 1114 2189; x_wconf 87' lang='lat' dir='ltr'><strong>Regiis,</strong></span> <span class='ocrx_word' id='word_1_115' title='bbox 1139 2092 1342 2163; x_wconf 80' lang='lat' dir='ltr'><strong>eorundem</strong></span> <span class='ocrx_word' id='word_1_116' title='bbox 1370 2112 1425 2161; x_wconf 89' lang='lat' dir='ltr'><strong>res</strong></span> 
     </span>
     <span class='ocr_line' id='line_1_18' title="bbox 232 2184 1491 2283; baseline -0.002 -24"><span class='ocrx_word' id='word_1_117' title='bbox 232 2190 409 2283; x_wconf 83' lang='lat' dir='ltr'><strong>utrimque</strong></span> <span class='ocrx_word' id='word_1_118' title='bbox 433 2187 605 2278; x_wconf 71' lang='lat' dir='ltr'><strong>dedudia,</strong></span> <span class='ocrx_word' id='word_1_119' title='bbox 640 2210 678 2263; x_wconf 93' lang='lat' dir='ltr'><strong>ut</strong></span> <span class='ocrx_word' id='word_1_120' title='bbox 703 2188 805 2263; x_wconf 73' lang='lat' dir='ltr'><strong>diiiae</strong></span> <span class='ocrx_word' id='word_1_121' title='bbox 833 2190 1032 2264; x_wconf 82' lang='lat' dir='ltr'><strong>Provinciae</strong></span> <span class='ocrx_word' id='word_1_122' title='bbox 1056 2186 1208 2263; x_wconf 87' lang='lat' dir='ltr'><strong>miserint</strong></span> <span class='ocrx_word' id='word_1_123' title='bbox 1232 2186 1275 2257; x_wconf 90' lang='lat' dir='ltr'><strong>ad</strong></span> <span class='ocrx_word' id='word_1_124' title='bbox 1295 2184 1426 2257; x_wconf 87' lang='lat' dir='ltr'><strong>Princi·</strong></span> <span class='ocrx_word' id='word_1_125' title='bbox 1465 2188 1491 2271; x_wconf 59' lang='lat' dir='ltr'><strong><em>J</em></strong></span> 
     </span>
     <span class='ocr_line' id='line_1_19' title="bbox 233 2280 1428 2379; baseline -0.003 -22"><span class='ocrx_word' id='word_1_126' title='bbox 233 2304 314 2378; x_wconf 91' lang='lat' dir='ltr'><strong>pem</strong></span> <span class='ocrx_word' id='word_1_127' title='bbox 350 2282 545 2379; x_wconf 75' lang='lat' dir='ltr'><strong>Parmensem</strong></span> <span class='ocrx_word' id='word_1_128' title='bbox 575 2339 588 2377; x_wconf 93' lang='lat'><strong>,</strong></span> <span class='ocrx_word' id='word_1_129' title='bbox 639 2287 837 2359; x_wconf 86' lang='lat' dir='ltr'><strong>adhucdum</strong></span> <span class='ocrx_word' id='word_1_130' title='bbox 874 2284 1056 2359; x_wconf 86' lang='lat' dir='ltr'><strong>incastris</strong></span> <span class='ocrx_word' id='word_1_131' title='bbox 1089 2280 1428 2357; x_wconf 80' lang='lat' dir='ltr'><strong>Maelitichtenlibus</strong></span> 
     </span>
     <span class='ocr_line' id='line_1_20' title="bbox 232 2378 1425 2475; baseline -0.003 -22"><span class='ocrx_word' id='word_1_132' title='bbox 232 2400 417 2475; x_wconf 86' lang='lat' dir='ltr'><strong>agentem,</strong></span> <span class='ocrx_word' id='word_1_133' title='bbox 457 2400 499 2450; x_wconf 89' lang='lat' dir='ltr'><strong>ac</strong></span> <span class='ocrx_word' id='word_1_134' title='bbox 522 2382 558 2451; x_wconf 91' lang='lat' dir='ltr'><strong>in</strong></span> <span class='ocrx_word' id='word_1_135' title='bbox 579 2380 762 2475; x_wconf 68' lang='lat' dir='ltr'><strong>¹obsidione</strong></span> <span class='ocrx_word' id='word_1_136' title='bbox 784 2378 842 2454; x_wconf 87' lang='lat' dir='ltr'><strong>illa</strong></span> <span class='ocrx_word' id='word_1_137' title='bbox 871 2403 1110 2475; x_wconf 87' lang='lat' dir='ltr'><strong>occupatum,</strong></span> <span class='ocrx_word' id='word_1_138' title='bbox 1143 2379 1335 2449; x_wconf 88' lang='lat' dir='ltr'><strong>Dominum</strong></span> <span class='ocrx_word' id='word_1_139' title='bbox 1367 2378 1425 2449; x_wconf 83' lang='lat' dir='ltr'><strong>De</strong></span> 
     </span>
     <span class='ocr_line' id='line_1_21' title="bbox 233 2470 1425 2571; baseline -0.008 -20"><span class='ocrx_word' id='word_1_140' title='bbox 233 2476 398 2569; x_wconf 75' lang='lat' dir='ltr'><strong>Caprts*,</strong></span> <span class='ocrx_word' id='word_1_141' title='bbox 423 2474 666 2549; x_wconf 89' lang='lat' dir='ltr'><strong>Reverendum</strong></span> <span class='ocrx_word' id='word_1_142' title='bbox 678 2476 868 2550; x_wconf 87' lang='lat' dir='ltr'><strong>Dominum</strong></span> <span class='ocrx_word' id='word_1_143' title='bbox 885 2480 1043 2571; x_wconf 83' lang='lat' dir='ltr'><strong>Joannem</strong></span> <span class='ocrx_word' id='word_1_144' title='bbox 1061 2474 1220 2547; x_wconf 82' lang='lat' dir='ltr'><strong>erozini</strong></span> <span class='ocrx_word' id='word_1_145' title='bbox 1235 2472 1320 2544; x_wconf 89' lang='lat' dir='ltr'><strong>Divi</strong></span> <span class='ocrx_word' id='word_1_146' title='bbox 1333 2470 1425 2565; x_wconf 73' lang='lat' dir='ltr'><strong>Valli</strong></span> 
     </span>
     <span class='ocr_line' id='line_1_22' title="bbox 231 2568 1493 2669; baseline -0.004 -27"><span class='ocrx_word' id='word_1_147' title='bbox 231 2572 404 2659; x_wconf 79' lang='lat' dir='ltr'><strong>Abbatem</strong></span> <span class='ocrx_word' id='word_1_148' title='bbox 414 2570 455 2661; x_wconf 87' lang='lat'><strong>†,</strong></span> <span class='ocrx_word' id='word_1_149' title='bbox 471 2570 623 2669; x_wconf 87' lang='lat' dir='ltr'><strong>aliosque</strong></span> <span class='ocrx_word' id='word_1_150' title='bbox 638 2573 754 2668; x_wconf 92' lang='lat' dir='ltr'><strong>plures</strong></span> <span class='ocrx_word' id='word_1_151' title='bbox 770 2574 975 2669; x_wconf 84' lang='lat' dir='ltr'><strong>deputatos,</strong></span> <span class='ocrx_word' id='word_1_152' title='bbox 997 2573 1059 2667; x_wconf 90' lang='lat' dir='ltr'><strong>qui</strong></span> <span class='ocrx_word' id='word_1_153' title='bbox 1074 2568 1233 2664; x_wconf 89' lang='lat' dir='ltr'><strong>ibiquod</strong></span> <span class='ocrx_word' id='word_1_154' title='bbox 1251 2568 1424 2663; x_wconf 88' lang='lat' dir='ltr'><strong>reliquum</strong></span> <span class='ocrx_word' id='word_1_155' title='bbox 1489 2624 1493 2629; x_wconf 89' lang='grc'><em>.</em></span> 
     </span>
     <span class='ocr_line' id='line_1_23' title="bbox 233 2664 1104 2762; baseline 0 -25"><span class='ocrx_word' id='word_1_156' title='bbox 233 2664 315 2754; x_wconf 81' lang='lat' dir='ltr'><strong>esset</strong></span> <span class='ocrx_word' id='word_1_157' title='bbox 342 2664 561 2758; x_wconf 89' lang='lat' dir='ltr'><strong>perficerent.</strong></span> <span class='ocrx_word' id='word_1_158' title='bbox 730 2756 731 2762; x_wconf 8' lang='grc' dir='ltr'>η</span> <span class='ocrx_word' id='word_1_159' title='bbox 1102 2713 1104 2717; x_wconf 31' lang='grc' dir='ltr'>ψ</span> 
     </span>
     <span class='ocr_line' id='line_1_24' title="bbox 282 2756 1424 2859; baseline -0.004 -22"><span class='ocrx_word' id='word_1_160' title='bbox 282 2759 429 2837; x_wconf 89' lang='lat' dir='ltr'><strong>CXClI.</strong></span> <span class='ocrx_word' id='word_1_161' title='bbox 456 2760 537 2837; x_wconf 81' lang='lat' dir='ltr'><strong>Hos</strong></span> <span class='ocrx_word' id='word_1_162' title='bbox 562 2762 737 2857; x_wconf 80' lang='lat' dir='ltr'><strong>Parruenfis</strong></span> <span class='ocrx_word' id='word_1_163' title='bbox 755 2758 938 2859; x_wconf 74' lang='lat' dir='ltr'><strong>splendide</strong></span> <span class='ocrx_word' id='word_1_164' title='bbox 965 2779 1135 2855; x_wconf 82' lang='lat' dir='ltr'><strong>exceptos</strong></span> <span class='ocrx_word' id='word_1_165' title='bbox 1162 2756 1286 2831; x_wconf 86' lang='lat' dir='ltr'><strong>Vitetii</strong></span> <span class='ocrx_word' id='word_1_166' title='bbox 1310 2760 1331 2850; x_wconf 68' lang='lat' dir='ltr'><strong>i</strong></span> <span class='ocrx_word' id='word_1_167' title='bbox 1355 2779 1424 2855; x_wconf 89' lang='lat' dir='ltr'><strong>per</strong></span> 
     </span>
     <span class='ocr_line' id='line_1_25' title="bbox 233 2853 1529 2957; baseline -0.006 -25"><span class='ocrx_word' id='word_1_168' title='bbox 233 2860 368 2955; x_wconf 86' lang='lat' dir='ltr'><strong>aliquot</strong></span> <span class='ocrx_word' id='word_1_169' title='bbox 384 2857 475 2943; x_wconf 83' lang='lat' dir='ltr'><strong>dies,</strong></span> <span class='ocrx_word' id='word_1_170' title='bbox 503 2882 572 2957; x_wconf 89' lang='lat' dir='ltr'><strong>qua</strong></span> <span class='ocrx_word' id='word_1_171' title='bbox 592 2860 739 2933; x_wconf 85' lang='lat' dir='ltr'><strong>maxima</strong></span> <span class='ocrx_word' id='word_1_172' title='bbox 756 2861 872 2957; x_wconf 90' lang='lat' dir='ltr'><strong>potuit</strong></span> <span class='ocrx_word' id='word_1_173' title='bbox 889 2856 1131 2934; x_wconf 89' lang='lat' dir='ltr'><strong>benevolentia</strong></span> <span class='ocrx_word' id='word_1_174' title='bbox 1142 2853 1345 2949; x_wconf 88' lang='lat' dir='ltr'><strong>prosecutus</strong></span> <span class='ocrx_word' id='word_1_175' title='bbox 1354 2854 1423 2943; x_wconf 91' lang='lat' dir='ltr'><strong>est,</strong></span> <span class='ocrx_word' id='word_1_176' title='bbox 1527 2865 1529 2868; x_wconf 82' lang='grc'><strong>’</strong></span> 
     </span>
     <span class='ocr_line' id='line_1_26' title="bbox 232 2949 1424 3053; baseline -0.004 -24"><span class='ocrx_word' id='word_1_177' title='bbox 232 2952 354 3050; x_wconf 86' lang='lat' dir='ltr'><strong>Regiis</strong></span> <span class='ocrx_word' id='word_1_178' title='bbox 373 2956 506 3049; x_wconf 89' lang='lat' dir='ltr'><strong>aliquot</strong></span> <span class='ocrx_word' id='word_1_179' title='bbox 525 2952 685 3030; x_wconf 87' lang='lat' dir='ltr'><strong>ministris</strong></span> <span class='ocrx_word' id='word_1_180' title='bbox 705 2958 806 3029; x_wconf 88' lang='lat' dir='ltr'><strong>etiam</strong></span> <span class='ocrx_word' id='word_1_181' title='bbox 818 2957 1000 3053; x_wconf 68' lang='lat' dir='ltr'><strong>&#39;deputatis</strong></span> <span class='ocrx_word' id='word_1_182' title='bbox 1009 3005 1022 3042; x_wconf 91' lang='lat'><strong>,</strong></span> <span class='ocrx_word' id='word_1_183' title='bbox 1038 2949 1243 3049; x_wconf 85' lang='lat' dir='ltr'><strong>quibuscum</strong></span> <span class='ocrx_word' id='word_1_184' title='bbox 1258 2954 1303 3023; x_wconf 84' lang='lat' dir='ltr'><strong>tle</strong></span> <span class='ocrx_word' id='word_1_185' title='bbox 1314 2950 1424 3024; x_wconf 88' lang='lat' dir='ltr'><strong>absol·</strong></span> 
     </span>
     <span class='ocr_line' id='line_1_27' title="bbox 231 3048 1424 3149; baseline -0.004 -24"><span class='ocrx_word' id='word_1_186' title='bbox 231 3054 349 3125; x_wconf 88' lang='lat' dir='ltr'><strong>venda</strong></span> <span class='ocrx_word' id='word_1_187' title='bbox 365 3052 646 3126; x_wconf 78' lang='lat' dir='ltr'><strong>reconciliatione</strong></span> <span class='ocrx_word' id='word_1_188' title='bbox 665 3054 833 3126; x_wconf 89' lang='lat' dir='ltr'><strong>continuo</strong></span> <span class='ocrx_word' id='word_1_189' title='bbox 850 3074 1004 3149; x_wconf 85' lang='lat' dir='ltr'><strong>agerent.</strong></span> <span class='ocrx_word' id='word_1_190' title='bbox 1028 3048 1170 3123; x_wconf 89' lang='lat' dir='ltr'><strong>Accidit</strong></span> <span class='ocrx_word' id='word_1_191' title='bbox 1184 3049 1272 3121; x_wconf 81' lang='lat' dir='ltr'><strong>verb</strong></span> <span class='ocrx_word' id='word_1_192' title='bbox 1288 3049 1371 3119; x_wconf 92' lang='lat' dir='ltr'><strong>dum</strong></span> <span class='ocrx_word' id='word_1_193' title='bbox 1387 3048 1424 3120; x_wconf 87' lang='lat' dir='ltr'><strong>iu</strong></span> 
     </span>
     <span class='ocr_line' id='line_1_28' title="bbox 230 3142 1423 3245; baseline -0.004 -23"><span class='ocrx_word' id='word_1_194' title='bbox 230 3170 273 3223; x_wconf 90' lang='lat' dir='ltr'><strong>eo</strong></span> <span class='ocrx_word' id='word_1_195' title='bbox 295 3151 488 3230; x_wconf 87' lang='lat' dir='ltr'><strong>laboratur,</strong></span> <span class='ocrx_word' id='word_1_196' title='bbox 508 3146 706 3245; x_wconf 80' lang='lat' dir='ltr'><strong>Parmensrm</strong></span> <span class='ocrx_word' id='word_1_197' title='bbox 733 3170 861 3244; x_wconf 85' lang='lat' dir='ltr'><strong>magno</strong></span> <span class='ocrx_word' id='word_1_198' title='bbox 884 3150 947 3221; x_wconf 91' lang='lat' dir='ltr'><strong>illo</strong></span> <span class='ocrx_word' id='word_1_199' title='bbox 968 3148 1092 3219; x_wconf 89' lang='lat' dir='ltr'><strong>morbo</strong></span> <span class='ocrx_word' id='word_1_200' title='bbox 1116 3144 1185 3234; x_wconf 87' lang='lat' dir='ltr'><strong>(de</strong></span> <span class='ocrx_word' id='word_1_201' title='bbox 1199 3167 1271 3239; x_wconf 93' lang='lat' dir='ltr'><strong>quo</strong></span> <span class='ocrx_word' id='word_1_202' title='bbox 1294 3142 1423 3238; x_wconf 87' lang='lat' dir='ltr'><strong>supra)</strong></span> 
     </span>
     <span class='ocr_line' id='line_1_29' title="bbox 227 3238 1424 3339; baseline -0.008 -20"><span class='ocrx_word' id='word_1_203' title='bbox 227 3246 370 3339; x_wconf 90' lang='lat' dir='ltr'><strong>corripi.</strong></span> <span class='ocrx_word' id='word_1_204' title='bbox 396 3244 514 3317; x_wconf 88' lang='lat' dir='ltr'><strong>Partes</strong></span> <span class='ocrx_word' id='word_1_205' title='bbox 529 3244 670 3339; x_wconf 87' lang='lat' dir='ltr'><strong>itaque,</strong></span> <span class='ocrx_word' id='word_1_206' title='bbox 696 3266 740 3317; x_wconf 91' lang='lat' dir='ltr'><strong>ne</strong></span> <span class='ocrx_word' id='word_1_207' title='bbox 759 3268 872 3335; x_wconf 83' lang='lat' dir='ltr'><strong>mors,</strong></span> <span class='ocrx_word' id='word_1_208' title='bbox 889 3266 968 3339; x_wconf 87' lang='lat' dir='ltr'><strong>quae</strong></span> <span class='ocrx_word' id='word_1_209' title='bbox 981 3240 1220 3327; x_wconf 86' lang='lat' dir='ltr'><strong>metuebatur,</strong></span> <span class='ocrx_word' id='word_1_210' title='bbox 1245 3238 1347 3311; x_wconf 90' lang='lat' dir='ltr'><strong>rebus</strong></span> <span class='ocrx_word' id='word_1_211' title='bbox 1353 3244 1424 3335; x_wconf 89' lang='lat' dir='ltr'><strong>jam</strong></span> 
     </span>
     <span class='ocr_line' id='line_1_30' title="bbox 109 3334 1421 3429; baseline -0.002 -18"><span class='ocrx_word' id='word_1_212' title='bbox 109 3414 110 3417; x_wconf 65' lang='grc'>,</span> <span class='ocrx_word' id='word_1_213' title='bbox 227 3338 378 3415; x_wconf 85' lang='lat' dir='ltr'><strong>feliciter</strong></span> <span class='ocrx_word' id='word_1_214' title='bbox 402 3364 444 3413; x_wconf 88' lang='lat' dir='ltr'><strong>eo</strong></span> <span class='ocrx_word' id='word_1_215' title='bbox 469 3340 625 3413; x_wconf 74' lang='lat' dir='ltr'><strong>dedusiis</strong></span> <span class='ocrx_word' id='word_1_216' title='bbox 650 3342 753 3413; x_wconf 87' lang='lat' dir='ltr'><strong>etiarn</strong></span> <span class='ocrx_word' id='word_1_217' title='bbox 779 3338 860 3415; x_wconf 82' lang='lat' dir='ltr'><strong>esset</strong></span> <span class='ocrx_word' id='word_1_218' title='bbox 884 3342 1019 3421; x_wconf 87' lang='lat' dir='ltr'><strong>exitio,</strong></span> <span class='ocrx_word' id='word_1_219' title='bbox 1062 3336 1141 3409; x_wconf 90' lang='lat' dir='ltr'><strong>zelo</strong></span> <span class='ocrx_word' id='word_1_220' title='bbox 1169 3334 1304 3429; x_wconf 89' lang='lat' dir='ltr'><strong>publici</strong></span> <span class='ocrx_word' id='word_1_221' title='bbox 1334 3336 1421 3409; x_wconf 87' lang='lat' dir='ltr'><strong>boni</strong></span> 
     </span>
     <span class='ocr_line' id='line_1_31' title="bbox 109 3430 1422 3531; baseline -0.001 -25"><span class='ocrx_word' id='word_1_222' title='bbox 109 3452 110 3457; x_wconf 73' lang='grc'>’</span> <span class='ocrx_word' id='word_1_223' title='bbox 228 3434 342 3531; x_wconf 87' lang='lat' dir='ltr'><strong>pulfi,</strong></span> <span class='ocrx_word' id='word_1_224' title='bbox 368 3456 461 3507; x_wconf 89' lang='lat' dir='ltr'><strong>tanta</strong></span> <span class='ocrx_word' id='word_1_225' title='bbox 476 3430 691 3513; x_wconf 84' lang='lat' dir='ltr'><strong>festinatione</strong></span> <span class='ocrx_word' id='word_1_226' title='bbox 707 3434 754 3510; x_wconf 87' lang='lat' dir='ltr'><strong>usr</strong></span> <span class='ocrx_word' id='word_1_227' title='bbox 773 3437 876 3521; x_wconf 89' lang='lat' dir='ltr'><strong>sunt,</strong></span> <span class='ocrx_word' id='word_1_228' title='bbox 900 3438 997 3508; x_wconf 90' lang='lat' dir='ltr'><strong>utin</strong></span> <span class='ocrx_word' id='word_1_229' title='bbox 1029 3430 1102 3527; x_wconf 91' lang='lat' dir='ltr'><strong>ipsa</strong></span> <span class='ocrx_word' id='word_1_230' title='bbox 1131 3431 1335 3524; x_wconf 83' lang='lat' dir='ltr'><strong>aegrimdine</strong></span> <span class='ocrx_word' id='word_1_231' title='bbox 1357 3455 1422 3527; x_wconf 92' lang='lat' dir='ltr'><strong>po·</strong></span> 
     </span>
     <span class='ocr_line' id='line_1_32' title="bbox 227 3524 1422 3627; baseline 0.001 -24"><span class='ocrx_word' id='word_1_232' title='bbox 227 3532 334 3604; x_wconf 86' lang='lat' dir='ltr'><strong>tuerit</strong></span> <span class='ocrx_word' id='word_1_233' title='bbox 350 3526 517 3627; x_wconf 87' lang='lat' dir='ltr'><strong>Princeps</strong></span> <span class='ocrx_word' id='word_1_234' title='bbox 544 3534 696 3607; x_wconf 89' lang='lat' dir='ltr'><strong>articulis</strong></span> <span class='ocrx_word' id='word_1_235' title='bbox 718 3524 1008 3608; x_wconf 81' lang='lat' dir='ltr'><strong>reconciliationis</strong></span> <span class='ocrx_word' id='word_1_236' title='bbox 1032 3526 1270 3613; x_wconf 80' lang='lat' dir='ltr'><strong>subscribere,</strong></span> <span class='ocrx_word' id='word_1_237' title='bbox 1294 3527 1422 3624; x_wconf 86' lang='lat' dir='ltr'><strong>eosque</strong></span> 
     </span>
     <span class='ocr_line' id='line_1_33' title="bbox 228 3621 1422 3724; baseline 0.002 -26"><span class='ocrx_word' id='word_1_238' title='bbox 228 3626 453 3724; x_wconf 86' lang='lat' dir='ltr'><strong>jurejurando</strong></span> <span class='ocrx_word' id='word_1_239' title='bbox 478 3628 712 3717; x_wconf 90' lang='lat' dir='ltr'><strong>confirmare,</strong></span> <span class='ocrx_word' id='word_1_240' title='bbox 739 3632 843 3703; x_wconf 88' lang='lat' dir='ltr'><strong>dilata</strong></span> <span class='ocrx_word' id='word_1_241' title='bbox 866 3650 981 3702; x_wconf 83' lang='lat' dir='ltr'><strong>tamen</strong></span> <span class='ocrx_word' id='word_1_242' title='bbox 1006 3621 1179 3700; x_wconf 84' lang='lat' dir='ltr'><strong>decisione</strong></span> <span class='ocrx_word' id='word_1_243' title='bbox 1195 3630 1422 3718; x_wconf 88' lang='lat' dir='ltr'><strong>quarumdam</strong></span> 
     </span>
     <span class='ocr_line' id='line_1_34' title="bbox 231 3721 1422 3823; baseline 0 -28"><span class='ocrx_word' id='word_1_244' title='bbox 231 3721 471 3796; x_wconf 68' lang='lat' dir='ltr'><strong>difficultatum</strong></span> <span class='ocrx_word' id='word_1_245' title='bbox 489 3746 560 3796; x_wconf 91' lang='lat' dir='ltr'><strong>non</strong></span> <span class='ocrx_word' id='word_1_246' title='bbox 584 3728 672 3819; x_wconf 84' lang='lat' dir='ltr'><strong>adeo</strong></span> <span class='ocrx_word' id='word_1_247' title='bbox 690 3729 806 3823; x_wconf 80' lang='lat' dir='ltr'><strong>magni</strong></span> <span class='ocrx_word' id='word_1_248' title='bbox 829 3726 1015 3807; x_wconf 88' lang='lat' dir='ltr'><strong>momenti,</strong></span> <span class='ocrx_word' id='word_1_249' title='bbox 1040 3726 1076 3795; x_wconf 94' lang='lat' dir='ltr'><strong>in</strong></span> <span class='ocrx_word' id='word_1_250' title='bbox 1099 3723 1246 3794; x_wconf 88' lang='lat' dir='ltr'><strong>alterum</strong></span> <span class='ocrx_word' id='word_1_251' title='bbox 1269 3744 1422 3795; x_wconf 90' lang='lat' dir='ltr'><strong>conven-</strong></span> 
     </span>
     <span class='ocr_line' id='line_1_35' title="bbox 229 3816 1469 3917; baseline -0.001 -25"><span class='ocrx_word' id='word_1_252' title='bbox 229 3836 305 3904; x_wconf 81' lang='lat' dir='ltr'><strong>tum</strong></span> <span class='ocrx_word' id='word_1_253' title='bbox 322 3820 569 3915; x_wconf 87' lang='lat' dir='ltr'><strong>deputatorum</strong></span> <span class='ocrx_word' id='word_1_254' title='bbox 586 3820 767 3917; x_wconf 85' lang='lat' dir='ltr'><strong>utriusque</strong></span> <span class='ocrx_word' id='word_1_255' title='bbox 786 3824 907 3917; x_wconf 83' lang='lat' dir='ltr'><strong>partic,</strong></span> <span class='ocrx_word' id='word_1_256' title='bbox 925 3822 985 3914; x_wconf 88' lang='lat' dir='ltr'><strong>qui</strong></span> <span class='ocrx_word' id='word_1_257' title='bbox 1006 3820 1105 3893; x_wconf 87' lang='lat' dir='ltr'><strong>brevi</strong></span> <span class='ocrx_word' id='word_1_258' title='bbox 1130 3816 1306 3890; x_wconf 89' lang='lat' dir='ltr'><strong>montibus</strong></span> <span class='ocrx_word' id='word_1_259' title='bbox 1321 3816 1423 3891; x_wconf 89' lang='lat' dir='ltr'><strong>Han·</strong></span> <span class='ocrx_word' id='word_1_260' title='bbox 1465 3829 1469 3838; x_wconf 91' lang='grc'><strong>“</strong></span> 
     </span>
     <span class='ocr_line' id='line_1_36' title="bbox 216 3910 1422 4025; baseline -0.002 -36"><span class='ocrx_word' id='word_1_261' title='bbox 216 3915 345 4021; x_wconf 71' lang='grc' dir='ltr'><strong>ζῃοηίεε</strong></span> <span class='ocrx_word' id='word_1_262' title='bbox 377 3910 460 4013; x_wconf 79' lang='lat' dir='ltr'><strong>effer</strong></span> <span class='ocrx_word' id='word_1_263' title='bbox 481 3914 680 4004; x_wconf 80' lang='lat' dir='ltr'><strong>habendus,</strong></span> <span class='ocrx_word' id='word_1_264' title='bbox 704 3921 758 3992; x_wconf 87' lang='lat' dir='ltr'><strong>uti</strong></span> <span class='ocrx_word' id='word_1_265' title='bbox 782 3920 820 3995; x_wconf 76' lang='grc' dir='ltr'><strong>δι</strong></span> <span class='ocrx_word' id='word_1_266' title='bbox 845 3916 966 4015; x_wconf 88' lang='lat' dir='ltr'><strong>postea</strong></span> <span class='ocrx_word' id='word_1_267' title='bbox 984 3914 1051 3991; x_wconf 87' lang='lat' dir='ltr'><strong>suit</strong></span> <span class='ocrx_word' id='word_1_268' title='bbox 1072 3913 1232 4003; x_wconf 85' lang='lat' dir='ltr'><strong>habitus,</strong></span> <span class='ocrx_word' id='word_1_269' title='bbox 1255 3914 1316 3987; x_wconf 89' lang='lat' dir='ltr'><strong>ubi</strong></span> <span class='ocrx_word' id='word_1_270' title='bbox 1341 3937 1422 4025; x_wconf 67' lang='lat' dir='ltr'><strong>curn</strong></span> 
     </span>
     <span class='ocr_line' id='line_1_37' title="bbox 982 4034 1424 4087; baseline 0 0"><span class='ocrx_word' id='word_1_271' title='bbox 982 4034 985 4046; x_wconf 91' lang='lat'>·</span> <span class='ocrx_word' id='word_1_272' title='bbox 1308 4034 1424 4087; x_wconf 79' lang='lat' dir='ltr'><strong>omma</strong></span> 
     </span>
    </p>
   </div>
   <div class='ocr_carea' id='block_1_3' title="bbox 450 4102 592 4113">
    <p class='ocr_par' dir='ltr' id='par_1_3' title="bbox 450 4102 592 4113">
     <span class='ocr_line' id='line_1_38' title="bbox 450 4102 592 4113; baseline -0.007 1"><span class='ocrx_word' id='word_1_273' title='bbox 450 4102 453 4109; x_wconf 79' lang='lat'><strong>¹</strong></span> <span class='ocrx_word' id='word_1_274' title='bbox 585 4102 592 4113; x_wconf 64' lang='lat' dir='ltr'><strong>a</strong></span> 
     </span>
    </p>
   </div>
   <div class='ocr_carea' id='block_1_4' title="bbox 189 4106 1386 4545">
    <p class='ocr_par' dir='ltr' id='par_1_4' title="bbox 189 4106 1386 4545">
     <span class='ocr_line' id='line_1_39' title="bbox 215 4106 1166 4247; baseline -0.005 -19"><span class='ocrx_word' id='word_1_275' title='bbox 215 4200 221 4207; x_wconf 93' lang='lat'>-</span> <span class='ocrx_word' id='word_1_276' title='bbox 272 4132 499 4243; x_wconf 76' lang='lat' dir='ltr'><strong>*odoardus</strong></span> <span class='ocrx_word' id='word_1_277' title='bbox 515 4158 560 4247; x_wconf 78' lang='lat' dir='ltr'><strong>de</strong></span> <span class='ocrx_word' id='word_1_278' title='bbox 580 4106 827 4245; x_wconf 64' lang='lat' dir='ltr'><strong>Bourdonville</strong></span> <span class='ocrx_word' id='word_1_279' title='bbox 848 4159 937 4228; x_wconf 84' lang='lat' dir='ltr'><strong>Baro</strong></span> <span class='ocrx_word' id='word_1_280' title='bbox 956 4137 1002 4227; x_wconf 84' lang='lat' dir='ltr'><strong>de</strong></span> <span class='ocrx_word' id='word_1_281' title='bbox 1023 4111 1166 4243; x_wconf 77' lang='lat' dir='ltr'><strong>Caprea.</strong></span> 
     </span>
     <span class='ocr_line' id='line_1_40' title="bbox 218 4236 1386 4408; baseline -0.015 -85"><span class='ocrx_word' id='word_1_282' title='bbox 218 4310 224 4323; x_wconf 94' lang='lat'><strong>.</strong></span> <span class='ocrx_word' id='word_1_283' title='bbox 273 4236 661 4408; x_wconf 45' lang='grc' dir='ltr'><strong>Ῑζμᾶαξῆεΐίἓίὃιαξὶὶ</strong></span> <span class='ocrx_word' id='word_1_284' title='bbox 675 4244 831 4383; x_wconf 69' lang='lat' dir='ltr'><strong>yedalti</strong></span> <span class='ocrx_word' id='word_1_285' title='bbox 846 4242 962 4317; x_wconf 84' lang='lat' dir='ltr'><strong>Abbas</strong></span> <span class='ocrx_word' id='word_1_286' title='bbox 982 4240 1075 4345; x_wconf 83' lang='lat' dir='ltr'><strong>apud</strong></span> <span class='ocrx_word' id='word_1_287' title='bbox 1102 4236 1297 4311; x_wconf 80' lang='lat' dir='ltr'><strong>Atrebates</strong></span> <span class='ocrx_word' id='word_1_288' title='bbox 1338 4346 1341 4353; x_wconf 19' lang='grc' dir='ltr'>Ι</span> <span class='ocrx_word' id='word_1_289' title='bbox 1383 4247 1386 4251; x_wconf 88' lang='grc'><strong><em>·</em></strong></span> 
     </span>
     <span class='ocr_line' id='line_1_41' title="bbox 189 4409 1026 4545; baseline -0.025 -36"><span class='ocrx_word' id='word_1_290' title='bbox 189 4520 192 4525; x_wconf 49' lang='grc'>,</span> <span class='ocrx_word' id='word_1_291' title='bbox 249 4414 720 4545; x_wconf 22' lang='grc' dir='ltr'><strong>,Ι·Τουιι.ΙΙ.·Ραπε·,’“··</strong></span> <span class='ocrx_word' id='word_1_292' title='bbox 806 4414 970 4502; x_wconf 65' lang='lat' dir='ltr'><strong>*liud</strong></span> <span class='ocrx_word' id='word_1_293' title='bbox 1021 4409 1026 4425; x_wconf 90' lang='lat'>&#39;</span> 
     </span>
    </p>
   </div>
   <div class='ocr_carea' id='block_1_5' title="bbox 0 0 1996 5167">
    <p class='ocr_par' dir='ltr' id='par_1_5' title="bbox 0 0 1996 5167">
     <span class='ocr_line' id='line_1_42' title="bbox 0 0 1996 5167; baseline 0 0"><span class='ocrx_word' id='word_1_294' title='bbox 0 0 1996 5167; x_wconf 95' lang='lat' dir='ltr'><strong> </strong></span> 
     </span>
    </p>
   </div>
  </div>
 </body>
</html>
