3984 5167
379 476 687 597 uruun'
744 439 1278 599 supernus(
1346 514 1429 622 481

231 685 360 765 vectus
380 711 459 763 cum
474 688 635 763 omnibus
653 684 993 783 captivieAmbtssum
1007 690 1185 785 pervenit,
1198 688 1291 763 unde
1306 674 1429 764 Cardi-
1479 714 1580 807 1586.

236 790 310 861 lem
325 786 487 859 Borboniae
502 784 565 859 sub
583 784 700 859 secura
716 784 893 874 custodiri,
920 786 1050 859 Sellium
1066 784 1179 872 mistt,
1198 806 1240 859 ut
1264 783 1314 857 ibi
1328 786 1429 859 atlet-

234 902 400 970 varttur‚
427 882 464 957 &
488 880 586 976 Gat'fit'
601 879 712 955 filium
733 882 905 968 Turonum,
931 904 1082 957 caeteros
1105 903 1192 956 vero
1220 882 1356 975 Ambesti
1378 905 1429 954 re-

236 981 417 1075 linquens,
443 975 677 1073 inpraesentia
696 979 797 1069 Blesot
813 976 968 1053 reversus
990 976 1051 1053 est.
1077 978 1341 1074 ReginaMater
1358 976 1429 1051 visa

235 1075 342 1170 hujus
358 1076 525 1169 tragediae
541 1076 760 1168 catastrophe
778 1076 902 1149 morbo
922 1073 1085 1168 correpti
1101 1098 1235 1171 paucos
1250 1077 1343 1148 intra
1355 1074 1429 1146 dier

236 1172 335 1260 Blests
353 1171 461 1257 obiit,
485 1170 689 1248 &tandem
714 1168 793 1243 Rex
825 1171 977 1244 Tutorem
1007 1170 1075 1245 sese
1100 1174 1271 1256 contulit,
1295 1167 1431 1243 visurus

224 1269 322 1363 'quid
338 1270 483 1341 ulterius
498 1262 562 1338 fibi
581 1263 665 1341 ¹esset
684 1269 878 1360 agendum,
904 1288 1080 1341 convento
1104 1293 1187 1343 ante
1212 1264 1364 1352 dimisso,
1394 1265 1430 1337 &

234 1366 385 1452 metito,
435 1364 617 1437 erturierat
641 1364 659 1401 *
684 1365 798 1449 eninr,
824 1364 919 1457 quod
946 1363 1100 1458 ejusdem
1125 1385 1298 1459 praetextu
1327 1384 1431 1457 expe·
1466 1376 1588 1441 *Fortet

233 1462 350 1533 cierat.
421 1479 635 1533 erumtamen
652 1457 780 1532 etiamfi
801 1480 919 1532 revera
935 1458 1015 1531 Rex
1033 1457 1213 1544 vindicta,
1241 1484 1312 1556 qua
1335 1462 1433 1533 atde·
1466 1458 1599 1517 obtinue-
1638 1493 1644 1501 ·

235 1553 298 1629 bat
320 1610 331 1641 ‚
356 1556 510 1629 animum
541 1550 737 1648 explesset,
763 1578 829 1629 nec
843 1551 906 1629 stbi
930 1576 1073 1639 umen,
1097 1580 1165 1629 nec
1188 1554 1306 1651 Regni
1333 1556 1434 1629 saluti
1465 1549 1519 1594 ¹²⁸·

235 1650 412 1726 consuluit
428 1677 441 1735 3
457 1652 511 1723 'ad
534 1671 666 1725 tantum
693 1652 784 1729 enin
814 1652 942 1747 ubique
966 1655 1125 1726 locorum
1148 1673 1292 1724 venturu
1315 1651 1365 1726 est
1381 1654 1433 1723 in·

236 1748 410 1837 cendum,
435 1768 475 1820 ut
493 1766 631 1821 omnem
650 1748 797 1821 excedat
810 1746 928 1822 fidem.
959 1744 1068 1844 Regis
1082 1751 1201 1822 titulus
1218 1747 1340 1823 odioso
1356 1748 1433 1843 Ty·

235 1846 338 1919 ranni
353 1845 493 1918 nomine
511 1838 660 1921 foedatue
676 1866 688 1931 ς
714 1841 844 1939 ἀερίἃί
860 1842 963 1939 politi
984 1846 1021 1919 in
1036 1846 1175 1941 templis
1187 1842 1310 1919 fratres
1322 1866 1431 1919 trans·

235 1940 312 2018 solit
333 1941 378 2015 ad
401 1942 692 2023 admirationem,
718 1937 756 2012 ἃ
783 1937 1145 2028 commiserationem
1179 1942 1434 2016 detestabantur

148 2128 150 2132 Α
235 2039 333 2111 illatn
359 2037 491 2111 codem
518 2056 681 2131 tanquam
703 2037 853 2110 immane
877 2036 1035 2124 facinus,
1058 2060 1125 2113 nec
1147 2035 1226 2111 sete
1248 2036 1434 2135 quisquam

236 2132 431 2243 suit‚'quin
456 2131 551 2207 rabie
571 2135 740 2218 arderet,
766 2134 1026 2229 vindictamque
1047 2134 1262 2231 exposceret.
1312 2134 1437 2230 ltaque

235 2229 341 2305 brevt
354 2234 446 2304 inter
461 2230 626 2305 unionem
649 2232 688 2307 &
707 2228 842 2326 Regem
860 2229 905 2306 ad
920 2251 1145 2326 apertaatma
1161 2250 1328 2318 ventum,
1347 2254 1436 2327 quo·
1545 2233 1548 2238 '

114 2378 115 2385 κ
237 2350 318 2403 rum
334 2329 450 2399 medio
464 2327 500 2401 iu
515 2325 633 2400 furore
645 2326 725 2401 Rex
749 2325 813 2419 (ut
827 2328 910 2400 loco
927 2327 1089 2422 dicetur)
1114 2324 1436 2414 eandem-subiens,

264 2423 311 2499 uit
339 2419 458 2516 Guistos
488 2420 674 2507 affecerat,
698 2420 905 2515 fortunam,
929 2423 967 2495 in
990 2422 1155 2499 cubiculo
1179 2425 1314 2499 medios
1343 2424 1436 2499 inter

237 2448 352 2606 suot,
376 2518 414 2593 &
440 2517 515 2613 ipse
542 2517 764 2605 trucidatus,
794 2517 866 2591 uni
898 2516 1017 2593 secum
1043 2517 1232 2614 Valestortttn
1257 2522 1436 2616 antiquam

239 2614 385 2709 stirpem
400 2617 550 2709 turpiter
567 2616 716 2690 extinxit
729 2614 843 2709 prima
863 2612 1010 2709 Augusti
1027 2626 1126 2703 1589.

289 2708 420 2783 XLIX.
447 2711 579 2785 Carolus
594 2710 751 2785 Emunuel
773 2708 859 2785 Dux
877 2712 1067 2800 Snbaudr’e,
1088 2710 1151 2783 ubi
1164 2710 1256 2784 vidit
1273 2709 1439 2786 constitu·
1467 2723 1470 2728 “

241 2826 320 2882 tum
336 2804 500 2883 inGallii
517 2809 655 2882 unionis
671 2805 784 2881 foedus
801 2808 844 2881 de
855 2805 1063 2902 quisupra‚
1080 2806 1314 2904 Regnumqtte
1328 2829 1435 2881 omne

239 2899 408 2980 intestinis
421 2899 646 2979 seditionibus
661 2926 875 2999 occupatum
890 2905 927 2977 iu
942 2904 1179 2999 praecipitium
1192 2926 1349 3000 vergere,
1358 2905 1438 3000 pul·

240 3000 299 3076 sut
321 2997 421 3073 vasto
444 2996 505 3074 suo
520 3000 679 3097 ingenio,
705 3022 777 3095 quo
802 3000 899 3095 (non
917 3020 1102 3075 contentus
1125 3002 1271 3096 proprii
1292 2999 1437 3076 fortuni

241 3094 372 3206 etiamst
390 3094 543 3192 magni)
566 3098 611 3171 ad
624 3096 755 3191 majora
771 3095 962 3193 aspirabat,
973 3097 1142 3171 continuo
1156 3120 1255 3170 aures
1265 3098 1437 3193 arrigere3

122 3202 127 3207 '
241 3215 347 3291 atque
363 3194 467 3267 etiarn
486 3212 620 3267 tentare
645 3193 772 3287 carpit,
798 3216 841 3266 an
862 3197 899 3267 iu
927 3194 1080 3267 turbidas
1105 3190 1180 3264 illas
1208 3216 1314 3289 aquas
1333 3194 1438 3283 juxta

139 3368 145 3381 ,
239 3294 362 3365 tritum
380 3292 607 3385 proverbium
630 3309 702 3363 rete
720 3287 819 3364 suum
831 3289 1014 3384 jaciendo,
1039 3288 1172 3383 aliquid
1188 3284 1252 3360 fibi
1269 3290 1380 3371 lucri,
1394 3312 1437 3363 ac

244 3387 402 3459 utilitatis
418 3408 546 3481 capere
560 3383 692 3480 posset,
717 3389 760 3459 ad
778 3384 988 3479 Gtt'stumque
1006 3384 1178 3471 scribens,
1203 3382 1373 3477 quidquid
1392 3388 1438 3458 ad

241 3498 358 3577 coepta
384 3485 627 3575 promovenda
654 3483 772 3565 auxilii
798 3482 960 3555 conferre
984 3477 1126 3576 posset,
1158 3478 1268 3553 amice
1297 3480 1436 3553 obtulit.

240 3579 293 3651 Et
317 3582 478 3669 quamvis
497 3575 708 3670 Gurfiutnon
724 3578 765 3651 ei
782 3577 826 3651 de
850 3578 948 3652 read
968 3598 1091 3653 nutum
1110 3595 1152 3649 ut
1173 3576 1370 3673 speraverat
1383 3601 1437 3650 re·

240 3670 444 3770 spondisset,
455 3672 640 3770 permaustt
655 3675 816 3747 tamenin
833 3674 1007 3760 instituto,
1033 3671 1222 3767 omnesque
1238 3670 1438 3746 occasiones
1482 3733 1486 3752 .

240 3770 472 3867 et'tplorabat,
497 3770 627 3867 quibus
649 3772 766 3865 aliquo
791 3770 898 3845 modo
922 3769 1091 3845 defidetio
1115 3768 1177 3843 suo
1205 3767 1436 3941 satpsacereu

242 3888 356 3963 eoque
380 3866 521 3941 tandem
536 3863 734 3977 progressus
756 3865 826 3951 est,
850 3886 889 3941 ut
909 3888 964 3959 30.
992 3862 1160 3939 octobris
1188 3872 1249 3954 158
1279 3920 1286 3937 .
1313 3862 1433 3949 noete,
1470 3894 1542 3958 Dux

237 3961 1433 4155 estilltllllnilltlltpltsszlzitlell'l<eli
1467 3974 1606 4146 llll

236 4160 297 4231 liae
317 4156 652 4255 propugnaculum)
672 4156 855 4267 repentini
883 4153 1062 4266 invasione
1089 4151 1218 4256 uosque
1242 4154 1313 4229 ulli
1337 4154 1432 4266 crede
1464 4131 1602 4267 ms

238 4252 401 4331 telctoer
416 4256 654 4353 occupaverit.
680 4252 792 4327 Erant
805 4275 840 4328 tn
865 4276 908 4327 eo
926 4254 1076 4349 plurima
1098 4271 1269 4327 tormenta
1283 4254 1430 4338 belltca,
1465 4285 1589 4349 samm.

240 4350 472 4449 numerusque
498 4350 639 4448 iusuper
660 4348 843 4432 immensus
860 4350 1070 4447 globorum,
1092 4345 1314 4449 pulverique
1334 4351 1432 4423 bom·
1457 4360 1528 4442 sen.

234 4502 238 4510 .
292 4442 380 4521 Tum·
404 4450 428 4523 1
436 4450 468 4523 Ι.
493 4450 577 4526 Pars
601 4472 635 4525 a.
894 4443 991 4547 Ppp
1354 4442 1435 4519 bat·
