3984 5167
455 451 457 456 ’
534 531 617 625 240
673 511 708 620 J.
738 467 785 599 n.
813 531 886 602 nn
912 467 1170 608 Tns'srs
1210 503 1624 638 coritiana.-

392 710 496 802 1576‚
534 690 743 782 Escoordi'us,
759 689 871 784 Regi,
894 687 1237 798 ipsiqnoisecretis,
1254 691 1324 784 ·qoi
1341 690 1445 762 etiam
1459 691 1738 792 incolomesiter.
1822 734 1825 741 >

535 784 732 862 confecere
771 787 955 884 Exceptus
976 785 1045 859 fuit
1069 808 1132 880 per
1155 806 1266 860 totam
1283 788 1438 860 Galliam
1461 785 1686 860 Provinciam
1710 793 1734 839 θ

536 881 668 958 summo
683 885 838 958 omnium
853 879 1040 1052 applausu,
1063 904 1105 955 ac
1118 882 1338 956 reverentii:
1364 882 1507 977 egregie
1522 883 1616 956 enim
1636 882 1736 956 Lux·

539 983 743 1074 embutgnm
769 979 849 1074 (uti
879 977 1042 1076 uprads)
1067 975 1160 1072 Regi
1177 976 1239 1054 suo
1257 977 1363 1053 fidem
1380 977 1598 1054 seruauerat:
1623 1000 1742 1054 trano

539 1099 617 1173 que
628 1075 679 1147 ibi
702 1079 902 1172 complures
935 1075 1092 1159 nobiles,
1117 1075 1251 1170 optime
1276 1077 1323 1148 de
1347 1097 1390 1146 eo
1415 1074 1550 1164 meriti,
1574 1077 1736 1173 interque

540 1175 627 1246 alios
648 1173 809 1264 Jubuiiiier
834 1173 872 1246 de
894 1172 1028 1261 Nuper,
1051 1173 1107 1245 vir
1131 1171 1309 1266 prudens,
1342 1193 1384 1244 ac
1407 1171 1513 1267 longa
1537 1193 1654 1246 retum
1678 1195 1742 1247 ex·-

541 1268 852 1370 perientiiclarus.
1235 1272 1237 1277 ’

593 1363 725 1440 Llllll.
759 1365 912 1442 Ordines
934 1384 1021 1438 vero
1048 1363 1223 1439 Bruxellae
1247 1363 1469 1462 congregati,
1492 1361 1588 1438 fama
1606 1381 1742 1438 tantum
1887 1402 1888 1413 κ

544 1461 590 1540 de
615 1463 770 1540 adventu
789 1460 956 1557 Austrinos·
981 1459 1026 1534 ad
1053 1483 1113 1536 eos
1136 1464 1300 1554 perlata,
1326 1460 1449 1533 missre
1476 1483 1519 1534 eo
1546 1459 1741 1558 Dominum

544 1562 583 1634 dr
604 1559 780 1646 Murbai'a,
804 1579 844 1632 ut
860 1558 947 1654 quid
962 1575 1004 1630 ea
1019 1558 1112 1630 dere
1129 1556 1228 1640 esset,
1253 1559 1354 1632 ceitd
1373 1555 1617 1652 cognosceret:
1636 1579 1742 1652 atque

544 1657 640 1730 baud
666 1657 726 1730 diu
742 1653 821 1750 post
839 1656 1008 1728 certiores
1024 1652 1128 1736 fatti,
1152 1678 1231 1728 eum
1249 1676 1371 1728 revera
1387 1651 1603 1741 adventasse,
1622 1653 1746 1728 mise‘re

545 1751 752 1838 Domimum
769 1751 807 1823 de
825 1747 944 1844 isque,
966 1752 1031 1844 qui
1048 1773 1127 1825 eum
1151 1750 1294 1824 nomine
1310 1751 1454 1844 publico
1475 1747 1656 1839 salutaret,
1683 1750 1742 1821 ad·

492 1911 494 1914 .
548 1866 761 1941 ventumque
785 1848 1025 1940 gratularetur.
1057 1847 1131 1920 Ivit
1149 1847 1192 1922 eb
1229 1847 1266 1920 ἃ
1288 1847 1431 1939 Jounnes
1447 1845 1598 1918 Fonriius
1614 1842 1748 1919 Privati

549 1942 696 2020 Consilii
718 1940 963 2026 Confil'iarius,
989 1941 1105 2016 missus
1124 1942 1145 2014 'a
1164 1941 1351 2014 Tribunaii
1373 1941 1534 2034 supremo
1545 1992 1563 2025 ,.
1582 1964 1622 2014 ut
1637 1963 1716 2014 eum
1731 1993 1747 2026 ,

552 2063 629 2138 quo
653 2043 690 2111 in
706 2039 792 2112 statu
807 2060 865 2110 res
884 2037 967 2112 esset
984 2040 1138 2114 doceret.
1161 2035 1358 2132 Scripsit&
1377 2037 1459 2131 ipss
1479 2039 1664 2130 Austrinos
1678 2035 1747 2110 Or-

552 2136 710 2221 dinibus,
761 2131 992 2230 raecipuisque
1019 2136 1180 2208 omnibus
1200 2134 1244 2206 de
1267 2134 1420 2206 adventu
1448 2131 1531 2223 suo,
1557 2134 1595 2206 δι
1614 2154 1747 2228 quanto

552 2251 632 2306 curn
652 2228 719 2308 defi
746 2232 819 2302 erio
838 2234 956 2304 omnia
979 2228 1233 2325 conponendi,
1258 2253 1340 2324 quae
1356 2232 1400 2304 ed
1418 2229 1526 2324 usque
1542 2228 1749 2395 Rempubli-

553 2351 629 2404 cain
648 2324 1123 2420 vexassent„profestionein
1142 2328 1236 2403 hanc
1251 2323 1579 2422 suscepisset,enixe
1595 2325 1625 2398 se
1638 2326 1750 2398 eillos

553 2446 701 2518 rogare,
726 2441 766 2494 ut
785 2423 822 2494 ἃ
842 2420 906 2516 ipsi
926 2423 969 2495 ad
993 2424 1064 2496 hoc
1083 2444 1209 2515 operas
1234 2420 1309 2496 suas
1335 2419 1516 2497 accurrate
1541 2419 1752 2513 praestarent.

555 2519 608 2596 Et
625 2543 665 2594 ut
680 2519 797 2592 omnia
816 2520 961 2604 melius,
984 2515 1157 2612 citiusque
1175 2514 1219 2589 ad
1236 2520 1387 2612 quietem
1404 2519 1515 2611 redigi
1533 2515 1678 2610 possent,
1690 2521 1755 2592 im-

557 2619 695 2714 peravit
712 2613 871 2686 omnibus
889 2615 1009 2709 Regiis
1024 2614 1213 2696 militibus,
1223 2617 1275 2686 uti
1290 2637 1384 2689 atina
1398 2616 1754 2710 ponerent,nullaque

559 2714 707 2808 amplius
725 2709 909 2784 hostilitate
926 2731 1122 2795 uterentur,
1136 2709 1234 2805 quod
1250 2708 1275 2782 si
1289 2713 1394 2785 etiam
1408 2708 1563 2785 Ordines
1581 2707 1754 2792 fecissent,

559 2831 670 2903 eaque
688 2805 985 2902 promptitudine,
1011 2827 1053 2878 ac
1079 2809 1302 2890 reverentia,
1327 2807 1397 2900 qui
1421 2806 1504 2879 olim
1525 2803 1635 2894 soliti,
1663 2804 1755 2878 Prae·

559 2901 689 2992 fesium
705 2925 836 2974 novum
856 2903 1018 2996 exemplo
1034 2900 1392 2995 Luaemburgenfium
1408 2897 1633 2987 admisissent,
1652 2918 1757 2998 atque

561 2999 711 3094 amplexi
730 2994 885 3080 fuissent,
909 2996 1013 3068 facile
1030 3017 1149 3071 tamen
1164 3018 1238 3070 erat
1256 2997 1358 3072 brevi
1378 2995 1608 3092 compositum
1623 2999 1666 3069 iri
1682 3021 1756 3070 onr-

520 3157 527 3172 ,
562 3097 631 3170 nia.
665 3093 738 3166 Sed
757 3092 856 3166 aliter
882 3093 951 3178 illis
976 3089 1107 3179 visuni,
1132 3097 1267 3167 recenti
1292 3097 1398 3177 etiam
1424 3094 1567 3166 audacia
1593 3091 1756 3177 efferati,

562 3210 738 3285 tamquam
767 3209 846 3262 cuni
872 3190 949 3285 pari
977 3211 1079 3281 agere
1103 3188 1264 3283 coepdre,
1291 3212 1400 3284 utque
1427 3191 1691 3262 admitterentur
1714 3192 1760 3262 ad

562 3290 748 3382 imperium
764 3283 872 3359 vatiae
888 3285 1106 3358 conditiones
1122 3287 1269 3380 petitae:
1303 3286 1369 3372 Iit,
1394 3285 1494 3359 rediit
1521 3309 1565 3357 ue
1590 3285 1759 3370 Fonrii'iis,

562 3389 691 3458 vendre
708 3383 809 3456 etiarn
834 3380 1122 3475 Luxeinbutgum
1146 3381 1315 3454 trasiandi
1347 3404 1425 3455 coin
1442 3310 1731 3475 Ausriaco'causi
1746 3430 1766 3468 ,

563 3481 711 3552 Marcio
726 3481 763 3550 dt
779 3477 911 3564 Hanrr,
940 3478 976 3550 δι
998 3476 1119 3585 Guspar
1140 3479 1270 3563 Sirius,
1297 3499 1402 3571 atque
1425 3479 1460 3548 in
1479 3480 1624 3570 longum
1648 3479 1761 3552 trasia

564 3568 731 3667 admisso:
759 3575 918 3668 quamvis
932 3574 1023 3644 enim
1040 3594 1132 3646 inter
1147 3572 1301 3647 Ordines
1321 3573 1427 3647 essent
1443 3574 1604 3668 quidam,
1629 3572 1692 3665 qni
1708 3599 1762 3650 re·

564 3671 631 3744 bus
662 3671 813 3766 publicis
842 3667 1033 3742 consultum
1058 3667 1313 3755 desiderarent,
1337 3673 1455 3763 plures
1485 3690 1598 3741 tamen
1622 3667 1759 3762 fuere,

550 3763 624 3862 ‘qui
641 3788 721 3839 cuni
733 3765 821 3838 nihll
836 3768 948 3838 minus
964 3759 1117 3846 uellent,
1131 3768 1255 3840 multas
1272 3763 1493 3840 difficultates
1506 3769 1760 3862 proponendo,

564 3887 636 3936 rein
653 3865 689 3936 in
709 3865 852 3957 longum
871 3863 1008 3935 trabere
1026 3863 1143 3932 conati
1158 3862 1235 3935 sunt
1255 3913 1266 3946 ,
1298 3861 1375 3934 fore
1397 3860 1599 3958 sperantes,
1623 3881 1763 3958 tenipus

562 3957 706 4034 forsitan
723 3960 853 4055 aliquid
871 3957 973 4033 novi:
1001 3957 1076 4054 (uti
1102 3957 1213 4055 solet)
1238 3959 1450 4047 allaturum,
1477 3980 1548 4054 quo
1569 3958 1758 4054 Austriacru

830 4094 834 4100 ·
1046 4093 1049 4100 ·
1468 4055 1474 4066 ‘
1532 4097 1543 4106 -
1620 4058 1760 4131 tandem

602 4186 620 4228 *
640 4186 738 4251 Nihil
759 4187 808 4254 esi
828 4185 1080 4272 perspicuitatis
1100 4187 1135 4252 in
1155 4190 1224 4254 hoe
1245 4190 1413 4259 sermone.
1445 4191 1637 4278 Quomodo
1649 4209 1760 4264 totam

566 4267 711 4336 Galliam
734 4270 927 4355 incognitus
956 4271 1163 4353 pertransiit,
1189 4274 1227 4340 δι
1256 4293 1319 4356 per
1348 4271 1459 4345 totam
1487 4277 1635 4347 Galliam
1655 4297 1763 4348 exce·

564 4365 644 4440 ptus
667 4351 758 4422 suits
773 4353 842 4423 Sed
860 4357 913 4424 ita
927 4353 1050 4424 vitiose
1071 4356 1377 4443 scriptumreperi.
1493 4438 1500 4449 .
1594 4439 1601 4451 Ι
