3984 5167
317 532 320 536 -
438 402 1199 565 uranusuxuus.
1351 449 1443 583 445

243 658 410 737 industria
425 680 477 730 eo·
491 680 543 729 res
562 652 667 731 evasit
678 710 694 744 ,.
712 675 751 726 ut
768 656 859 725 inter
874 651 907 726 se
928 653 1175 735 convenerint,
1198 656 1249 725 uti
1264 657 1436 731 Berrurdi-
1488 666 1591 752 1584.

243 778 303 829 uus
328 778 390 847 per
405 755 532 833 celeres
548 776 656 847 equos
676 752 808 842 (vulgo
825 748 983 843 pollam)
1009 770 1112 844 quam
1122 744 1240 841 pollet
1257 755 1432 829 celerrims

241 850 419 941 Philippum
445 849 562 921 versus
590 846 893 941 proficisceretur,
926 868 968 919 ac
1001 868 1073 941 quo
1100 842 1249 916 securius
1281 847 1318 917 id
1355 850 1431 923 fieri

225 942 368 1039 posset,
395 947 492 1017 daret
518 942 654 1037 Regina
680 942 851 1015 cursorem
873 942 1029 1035 regium,
1056 941 1117 1035 qui
1134 939 1178 1009 ad
1202 937 1286 1012 fines
1303 941 1431 1017 Galliae

238 1040 348 1134 usque
364 1041 593 1111 Bernardinum
613 1039 858 1127 comitaretur,
885 1056 991 1129 prout
1007 1034 1102 1109 fecit.
1153 1034 1275 1127 ltaque
1290 1058 1369 1108 cum
1386 1041 1430 1109 ad

235 1134 414 1227 Philippum
431 1134 593 1215 venisset,
618 1133 718 1205 facile
733 1134 765 1203 ei
784 1129 924 1224 ejusque
940 1131 1098 1203 ministris
1115 1129 1299 1224 persualit,
1324 1134 1431 1204 nemi·

235 1250 317 1303 nem
333 1231 453 1301 mellus
472 1228 522 1311 se,
548 1229 718 1321 quidquid
734 1230 907 1316 utrimque
928 1228 1099 1320 agendum
1123 1224 1215 1297 foret
1227 1276 1238 1311 ,
1262 1228 1306 1299 ad
1329 1244 1429 1321 opta·

235 1343 313 1399 mum
329 1322 433 1395 finem
451 1326 641 1415 perducere
660 1321 766 1416 polle.
818 1315 942 1413 Tufflus
961 1324 1102 1415 cognita
1118 1343 1231 1395 mente
1257 1324 1429 1393 Bernardr'·
1554 1408 1562 1421 ἦ

235 1422 292 1504 rrr',
324 1438 363 1491 ut
372 1415 472 1513 ‘Regi
496 1418 539 1489 dc
565 1440 605 1489 ea
633 1440 773 1511 quoque
789 1412 1020 1489 innotesceret
1052 1416 1255 1509 tempestive
1281 1440 1428 1490 curarat.

234 1508 411 1587 Preterea
441 1535 521 1585 cum
548 1512 613 1583 'am
638 1534 747 1585 annos
769 1530 918 1676 quatuor
941 1533 1016 1584 eam
1040 1513 1247 1604 legationem
1271 1511 1340 1586 fine
1360 1512 1427 1584 Le·

234 1611 309 1701 gati
333 1611 436 1681 titulo
462 1536 617 1694 obiisiet,
643 1632 723 1681 eum
753 1604 777 1677 st
803 1607 814 1677 i
856 1606 930 1677 dari
988 1605 1028 1678 er'
1056 1604 1185 1679 litteras
1208 1604 1428 1695 sollicitaret,

147 1720 152 1725 ·
232 1702 354 1777 addita
374 1706 440 1777 hac
464 1703 688 1790 conditione,
715 1694 854 1797 quandd
878 1700 917 1773 id
972 1703 1023 1774 eri
1042 1704 1220 1796 nequiret,
1246 1706 1346 1776 malle
1363 1727 1427 1798 po·

230 1799 299 1871 tius
328 1798 348 1871 i
383 1799 573 1895 Legatione
605 1799 834 1883 summoveri,
859 1818 961 1888 quam
998 1797 1126 1869 diutius
1146 1797 1329 1871 inservire:
1356 1801 1425 1893 qui

228 1913 368 1967 utentes
392 1892 572 1968 occasione
594 1897 794 1989 complures
820 1894 879 1987 qui
904 1892 1096 1963 Bernerdino
1125 1891 1342 1987 summopere
1374 1893 1426 1968 sa·-

229 1990 386 2076 vebant,
413 1988 513 2064 facile
539 1991 687 2085 ejusdem
711 2003 827 2084 coepta
851 1988 981 2060 duxere
1001 2010 1071 2081 quo
1090 1990 1286 2081 expetebat.
1321 1989 1425 2077 Quo·

228 2084 326 2157 eirca
354 2083 377 2156 ὲ
405 2082 552 2180 vestigio
574 2108 638 2180 per
667 2088 795 2159 celeres
821 2105 931 2179 equos
949 2086 985 2156 iu
1008 2082 1227 2157 Galliam-est
1251 2085 1425 2172 remissus,

228 2176 393 2276 Taffluque
425 2180 620 2253 mandatum
635 2233 656 2266 ‚-
672 2183 779 2255 domo
793 2178 852 2253 sua
867 2200 905 2252 ut
923 2200 1003 2254 ante
1014 2179 1121 2251 illum
1129 2182 1318 2274 exciperet.
1354 2179 1424 2255 Re·

256 2279 324 2349 inae
334 2276 445 2350 Matri
457 2277 502 2348 nil
520 2275 683 2349 afferebat
703 2296 832 2370 praeter
844 2272 1008 2367 speciosa,
1017 2276 1215 2369 bonamque
1225 2275 1320 2368 spem
1335 2299 1426 2369 prae·-

227 2298 428 2444 seferenna
442 2372 570 2454 verba,
596 2372 722 2464 quibus
738 2392 828 2443 cum·
842 2371 930 2442 bene
952 2370 1104 2442 animum
1124 2372 1272 2442 mulieris
1292 2371 1423 2445 demul-

227 2463 338 2550 filset,
365 2465 464 2538 finxit
483 2464 617 2540 necesse
633 2464 796 2547 srbielse,
819 2465 866 2535 ob
882 2466 1059 2558 privatum
1078 2467 1253 2559 quoddam
1268 2465 1424 2540 Flanona

228 2582 311 2634 eum
337 2562 536 2653 negotium,
560 2563 596 2631 in
623 2560 779 2656 Belgium
807 2582 910 2653 quarn
934 2557 1128 2633 celerrime>
1147 2558 1182 2631 se
1217 2560 1432 2649 transferre,-

228 2676 352 2728 verum
368 2654 466 2725 brevi
484 2658 696 2740 rediturum,
725 2657 946 2748 habebatque
961 2656 998 2725 in
1024 2653 1317 2743 mandatiu,-ci1m
1343 2654 1422 2729 Bel·
1454 2702 1460 2713 -

228 2751 327 2845 glum
339 2746 510 2842 attigisset,
520 2774 621 2843 quam
638 2748 836 2823 simulanter
846 2748 956 2845 pollet
970 2748 1164 2843 Jenur'lam*
1188 2751 1418 2842 contendere,
1451 2768 1469 2805 ¹¹
1486 2767 1587 2844 depes

227 2847 432 2943 atquelude
451 2844 613 2919 conferto
637 2869 716 2918 cum
728 2842 841 2935 Guistr's
869 2841 1015 2917 traslatu
1033 2844 1209 2935 soederis,
1243 2846 1416 2922 Lutetiam
1449 2843 1586 2919 joram.-

226 2943 359 3016 reverti
374 2962 414 3013 ac
430 2942 636 3036 legationem
647 2942 818 3014 Gallicam
837 2938 1077 3014 administrare.
1103 2940 1174 3016 Sed
1191 2945 1317 3016 accidit
1337 2968 1415 3018 curu
1449 2925 1514 3019 ¹³¹9·
1538 3010 1544 3023 .
1587 3015 1600 3037 „

222 3040 295 3129 jum
310 3035 393 3111 ellet
408 3039 445 3109 iu
461 3038 604 3122 itinere,
630 3042 774 3112 Murcum
791 3034 922 3109 millum
939 3038 959 3111 i
976 3033 1133 3126 Guissanis
1154 3060 1198 3111 ex
1214 3038 1348 3132 Jenuila
1370 3044 1414 3114 ad
1442 2999 1587 3156 must

226 3135 430 3227 Philippum,
448 3156 491 3205 eo
507 3136 695 3205 adventare
712 3134 818 3227 paulo
836 3132 914 3226 post
929 3131 1111 3207 ‘discessum
1127 3135 1331 3220 Beruardinr',
1353 3138 1414 3229 qui
1447 3157 1511 3214 oure
1540 3158 1573 3215 ue
1593 3152 1596 3162 “

225 3248 306 3301 oum
340 3229 451 3303 statim
467 3228 486 3301 ὲ
506 3228 608 3321 Rege
626 3229 897 3320 interrogaretur
913 3250 1096 3325 quemnam
1111 3248 1231 3302 revera
1257 3227 1424 3321 Guiſsum's·
1447 3237 1591 3308 francam

227 3324 336 3418 magis
354 3344 490 3417 gratum
508 3324 550 3395 ad
569 3323 708 3395 foederis
730 3322 830 3419 hujus
847 3326 1028 3399 traiiaturu
1042 3323 1132 3395 bene
1156 3322 1410 3398 conficiendum
1445 3312 1539 3370 ⁰⁶⁰¹*

224 3420 383 3491 erederet
400 3417 732 3514 futurum,ipseque
748 3418 883 3494 dixisset
905 3422 1040 3513 Taffirtm
1050 3421 1250 3503 ‚contiuuo
1258 3420 1296 3492 id
1304 3420 1411 3515 Regis
1442 3402 1605 3526 mgna...

221 3510 442 3679 propositum
463 3518 679 3589 immutatum
705 3512 899 3610 jussumque
929 3515 1135 3588 Bernardr'nu-
1149 3516 1285 3590 tradere
1307 3507 1411 3612 Taffir
1443 3544 1474 3601 a,
1488 3544 1571 3601 p„·„.
1661 3558 1667 3572 ·

238 3610 592 3701 cripta-monimenta,
618 3630 695 3705 quae
716 3632 794 3682 eum
821 3614 857 3683 in
890 3608 1135 3687 finem-secum
1164 3634 1220 3684 ex·
1238 3610 1410 3706 Hispania
1443 3626 1570 3697 ruptura-

221 3705 406 3786 uttulerat,
435 3702 539 3799 Tufflo
566 3708 654 3780 verd
679 3708 730 3779 uti
750 3729 790 3779 ea
816 3708 859 3778 ab
886 3704 962 3802 ipso
996 3707 1205 3801 acciperet,
1234 3730 1276 3779 ac
1305 3730 1411 3800 quam

220 3796 377 3873 oitill'tme
395 3797 504 3895 pollet
522 3796 682 3894 Regibus
696 3802 922 3885 valediceret,
935 3826 976 3875 ac
991 3803 1189 3875 Burnerdr‘no
1203 3802 1418 3896 legationem<

222 3896 398 3981 traderet,
423 3894 502 3989 (usi
522 3899 627 3968 moris
647 3897 788 3991 quando
815 3899 920 3991 legati
951 3900 1155 3985 mutantur)
1180 3918 1222 3971 ac
1244 3897 1425 3990 Jenuilam'

223 3988 258 4065 se
275 3986 499 4075 transferret,
525 4013 669 4085 eamque
692 3986 910 4065 Provinciam
923 3993 959 4065 in
977 3992 1014 4065 se·
1032 3990 1315 4085 susciperetquae
1333 3993 1411 4065 Ber·

221 4088 350 4161 aarum
366 4083 540 4161 commissa
560 4086 683 4161 fuerat.
717 4084 839 4182 thue
859 4111 932 4161 nora
946 4088 1082 4181 ingrate
1097 4089 1278 4163 videretur
1294 4090 1421 4163 adun

223 4202 303 4253 eum
320 4179 424 4280 Toffiu
443 4184 564 4278 (cujus
583 4181 785 4280 fingularem
802 4180 901 4259 suill'e
916 4186 952 4256 in
972 4186 1007 4257 in
1025 4208 1065 4258 ea
1080 4186 1255 4278 legatione
1265 4204 1422 4279 operam¹
1462 4224 1470 4239 ·

221 4274 478 4371 Bhr'lt'pppsiatis
499 4300 661 4375 expertus
679 4280 975 4473 sueratffiavait
990 4280 1427 4452 eumquaeilorerngaeplen1

208 4428 214 4437 -
846 4414 848 4418 ·
964 4432 970 4456 ι
1303 4401 1321 4456 r
