<?xml version="1.0" encoding="UTF-8"?>
<!DOCTYPE html PUBLIC "-//W3C//DTD XHTML 1.0 Transitional//EN"
    "http://www.w3.org/TR/xhtml1/DTD/xhtml1-transitional.dtd">
<html xmlns="http://www.w3.org/1999/xhtml" xml:lang="en" lang="en">
 <head>
  <title>
</title>
<meta http-equiv="Content-Type" content="text/html;charset=utf-8" />
  <meta name='ocr-system' content='tesseract 3.04.00' />
  <meta name='ocr-capabilities' content='ocr_page ocr_carea ocr_par ocr_line ocrx_word'/>
</head>
<body>
  <div class='ocr_page' id='page_1' title='image "./vitavigliiabayt00papegoog_0590.png"; bbox 0 0 3984 5167; ppageno 0'>
   <div class='ocr_carea' id='block_1_1' title="bbox 362 444 1409 631">
    <p class='ocr_par' dir='ltr' id='par_1_1' title="bbox 362 444 1409 631">
     <span class='ocr_line' id='line_1_1' title="bbox 362 444 1409 631; baseline -0.002 -26"><span class='ocrx_word' id='word_1_1' title='bbox 362 444 1213 605; x_wconf 74' lang='lat' dir='ltr'>tisanocravus.</span> <span class='ocrx_word' id='word_1_2' title='bbox 1331 521 1409 631; x_wconf 78' lang='lat'>581</span> 
     </span>
    </p>
   </div>
   <div class='ocr_carea' id='block_1_2' title="bbox 105 674 1563 4521">
    <p class='ocr_par' dir='ltr' id='par_1_2' title="bbox 202 674 1563 2412">
     <span class='ocr_line' id='line_1_2' title="bbox 216 674 1563 795; baseline 0.001 -38"><span class='ocrx_word' id='word_1_3' title='bbox 216 720 239 757; x_wconf 77' lang='grc' dir='ltr'><em>η</em></span> <span class='ocrx_word' id='word_1_4' title='bbox 262 677 371 753; x_wconf 79' lang='lat' dir='ltr'>finite</span> <span class='ocrx_word' id='word_1_5' title='bbox 391 674 550 765; x_wconf 82' lang='lat' dir='ltr'>fuerunt,</span> <span class='ocrx_word' id='word_1_6' title='bbox 582 679 636 751; x_wconf 90' lang='lat' dir='ltr'>uti</span> <span class='ocrx_word' id='word_1_7' title='bbox 654 698 737 751; x_wconf 90' lang='lat' dir='ltr'>tunc</span> <span class='ocrx_word' id='word_1_8' title='bbox 763 676 933 775; x_wconf 87' lang='lat' dir='ltr'>temporis</span> <span class='ocrx_word' id='word_1_9' title='bbox 950 677 1041 749; x_wconf 89' lang='lat' dir='ltr'>inter</span> <span class='ocrx_word' id='word_1_10' title='bbox 1062 696 1247 775; x_wconf 87' lang='lat' dir='ltr'>utrumque</span> <span class='ocrx_word' id='word_1_11' title='bbox 1275 683 1412 782; x_wconf 84' lang='lat' dir='ltr'>Regem</span> <span class='ocrx_word' id='word_1_12' title='bbox 1461 692 1563 795; x_wconf 67' lang='lat'>1593,</span> 
     </span>
     <span class='ocr_line' id='line_1_3' title="bbox 215 770 1414 868; baseline 0.005 -17"><span class='ocrx_word' id='word_1_13' title='bbox 215 817 237 851; x_wconf 72' lang='lat' dir='ltr'>n</span> <span class='ocrx_word' id='word_1_14' title='bbox 262 780 446 861; x_wconf 87' lang='lat' dir='ltr'>convenit,</span> <span class='ocrx_word' id='word_1_15' title='bbox 473 797 625 868; x_wconf 89' lang='lat' dir='ltr'>eumque</span> <span class='ocrx_word' id='word_1_16' title='bbox 646 776 681 846; x_wconf 91' lang='lat' dir='ltr'>in</span> <span class='ocrx_word' id='word_1_17' title='bbox 703 770 805 848; x_wconf 85' lang='lat' dir='ltr'>finem</span> <span class='ocrx_word' id='word_1_18' title='bbox 817 774 1037 860; x_wconf 87' lang='lat' dir='ltr'>nominandi,</span> <span class='ocrx_word' id='word_1_19' title='bbox 1051 797 1094 848; x_wconf 87' lang='lat' dir='ltr'>ae</span> <span class='ocrx_word' id='word_1_20' title='bbox 1108 772 1279 853; x_wconf 85' lang='lat' dir='ltr'>statuendi</span> <span class='ocrx_word' id='word_1_21' title='bbox 1294 786 1414 858; x_wconf 88' lang='lat' dir='ltr'>utrim-</span> 
     </span>
     <span class='ocr_line' id='line_1_4' title="bbox 213 868 1412 967; baseline 0.003 -20"><span class='ocrx_word' id='word_1_22' title='bbox 213 912 236 947; x_wconf 76' lang='grc' dir='ltr'><em>η</em></span> <span class='ocrx_word' id='word_1_23' title='bbox 261 896 327 967; x_wconf 89' lang='lat' dir='ltr'>que</span> <span class='ocrx_word' id='word_1_24' title='bbox 349 874 493 952; x_wconf 87' lang='lat' dir='ltr'>arbitri,</span> <span class='ocrx_word' id='word_1_25' title='bbox 519 893 560 944; x_wconf 92' lang='lat' dir='ltr'>ac</span> <span class='ocrx_word' id='word_1_26' title='bbox 573 868 747 967; x_wconf 87' lang='lat' dir='ltr'>Deputati</span> <span class='ocrx_word' id='word_1_27' title='bbox 762 871 863 966; x_wconf 82' lang='lat' dir='ltr'>juxta</span> <span class='ocrx_word' id='word_1_28' title='bbox 882 890 1040 945; x_wconf 86' lang='lat' dir='ltr'>tenorem</span> <span class='ocrx_word' id='word_1_29' title='bbox 1057 868 1209 965; x_wconf 76' lang='lat' dir='ltr'>ejusdem</span> <span class='ocrx_word' id='word_1_30' title='bbox 1226 874 1412 967; x_wconf 68' lang='lat' dir='ltr'>tractatus,</span> 
     </span>
     <span class='ocr_line' id='line_1_5' title="bbox 211 964 1412 1063; baseline 0.003 -20"><span class='ocrx_word' id='word_1_31' title='bbox 211 991 238 1045; x_wconf 75' lang='lat' dir='ltr'>n·</span> <span class='ocrx_word' id='word_1_32' title='bbox 258 973 316 1063; x_wconf 89' lang='lat' dir='ltr'>qui</span> <span class='ocrx_word' id='word_1_33' title='bbox 343 971 433 1043; x_wconf 89' lang='lat' dir='ltr'>intra</span> <span class='ocrx_word' id='word_1_34' title='bbox 456 964 616 1039; x_wconf 86' lang='lat' dir='ltr'>semestre</span> <span class='ocrx_word' id='word_1_35' title='bbox 649 987 789 1059; x_wconf 89' lang='lat' dir='ltr'>tempus</span> <span class='ocrx_word' id='word_1_36' title='bbox 828 966 1038 1041; x_wconf 83' lang='lat' dir='ltr'>convenient</span> <span class='ocrx_word' id='word_1_37' title='bbox 1064 966 1100 1038; x_wconf 85' lang='lat' dir='ltr'>in</span> <span class='ocrx_word' id='word_1_38' title='bbox 1124 966 1238 1041; x_wconf 83' lang='lat' dir='ltr'>locum</span> <span class='ocrx_word' id='word_1_39' title='bbox 1260 972 1412 1047; x_wconf 77' lang='lat' dir='ltr'>indisso</span> 
     </span>
     <span class='ocr_line' id='line_1_6' title="bbox 214 1058 1413 1159; baseline 0.005 -19"><span class='ocrx_word' id='word_1_40' title='bbox 214 1102 237 1140; x_wconf 75' lang='lat' dir='ltr'>n</span> <span class='ocrx_word' id='word_1_41' title='bbox 260 1064 410 1139; x_wconf 73' lang='lat' dir='ltr'>trailatu</span> <span class='ocrx_word' id='word_1_42' title='bbox 434 1064 626 1152; x_wconf 87' lang='lat' dir='ltr'>statutum,</span> <span class='ocrx_word' id='word_1_43' title='bbox 652 1058 677 1133; x_wconf 82' lang='lat' dir='ltr'>ss</span> <span class='ocrx_word' id='word_1_44' title='bbox 706 1085 825 1159; x_wconf 86' lang='lat' dir='ltr'>partes</span> <span class='ocrx_word' id='word_1_45' title='bbox 851 1058 1073 1150; x_wconf 67' lang='lat' dir='ltr'>assenserint,</span> <span class='ocrx_word' id='word_1_46' title='bbox 1094 1060 1143 1137; x_wconf 89' lang='lat' dir='ltr'>fin</span> <span class='ocrx_word' id='word_1_47' title='bbox 1169 1068 1281 1140; x_wconf 84' lang='lat' dir='ltr'>miuus</span> <span class='ocrx_word' id='word_1_48' title='bbox 1307 1068 1413 1146; x_wconf 85' lang='lat' dir='ltr'>alium</span> 
     </span>
     <span class='ocr_line' id='line_1_7' title="bbox 217 1156 518 1256; baseline -0.033 -17"><span class='ocrx_word' id='word_1_49' title='bbox 217 1200 242 1239; x_wconf 70' lang='grc' dir='ltr'><strong><em>υ</em></strong></span> <span class='ocrx_word' id='word_1_50' title='bbox 264 1156 329 1237; x_wconf 74' lang='lat' dir='ltr'>sibi</span> <span class='ocrx_word' id='word_1_51' title='bbox 350 1163 518 1256; x_wconf 84' lang='lat' dir='ltr'>deligent.</span> 
     </span>
     <span class='ocr_line' id='line_1_8' title="bbox 202 1251 1411 1349; baseline 0.005 -20"><span class='ocrx_word' id='word_1_52' title='bbox 202 1285 206 1293; x_wconf 94' lang='lat'><em>·</em></span> <span class='ocrx_word' id='word_1_53' title='bbox 257 1299 281 1335; x_wconf 76' lang='lat' dir='ltr'>n</span> <span class='ocrx_word' id='word_1_54' title='bbox 310 1265 366 1337; x_wconf 89' lang='lat'>18.</span> <span class='ocrx_word' id='word_1_55' title='bbox 392 1256 440 1329; x_wconf 88' lang='lat' dir='ltr'>Et</span> <span class='ocrx_word' id='word_1_56' title='bbox 460 1256 541 1347; x_wconf 89' lang='lat' dir='ltr'>quia</span> <span class='ocrx_word' id='word_1_57' title='bbox 561 1254 598 1327; x_wconf 89' lang='lat' dir='ltr'>in</span> <span class='ocrx_word' id='word_1_58' title='bbox 615 1254 806 1346; x_wconf 83' lang='lat' dir='ltr'>partitione</span> <span class='ocrx_word' id='word_1_59' title='bbox 826 1272 993 1328; x_wconf 85' lang='lat' dir='ltr'>terrarum</span> <span class='ocrx_word' id='word_1_60' title='bbox 1013 1251 1207 1333; x_wconf 86' lang='lat' dir='ltr'>Dioceseos</span> <span class='ocrx_word' id='word_1_61' title='bbox 1220 1263 1388 1335; x_wconf 69' lang='lat' dir='ltr'>merebere·</span> <span class='ocrx_word' id='word_1_62' title='bbox 1398 1316 1411 1349; x_wconf 89' lang='lat'>,</span> 
     </span>
     <span class='ocr_line' id='line_1_9' title="bbox 210 1349 1410 1452; baseline 0.004 -26"><span class='ocrx_word' id='word_1_63' title='bbox 210 1394 233 1430; x_wconf 73' lang='lat' dir='ltr'><em>n</em></span> <span class='ocrx_word' id='word_1_64' title='bbox 258 1356 426 1440; x_wconf 80' lang='lat' dir='ltr'>Ambiani,</span> <span class='ocrx_word' id='word_1_65' title='bbox 455 1350 562 1425; x_wconf 71' lang='lat' dir='ltr'>Sensi</span> <span class='ocrx_word' id='word_1_66' title='bbox 589 1350 722 1436; x_wconf 80' lang='lat' dir='ltr'>Ourars‘,</span> <span class='ocrx_word' id='word_1_67' title='bbox 750 1349 786 1422; x_wconf 78' lang='grc' dir='ltr'>δι</span> <span class='ocrx_word' id='word_1_68' title='bbox 807 1351 965 1435; x_wconf 74' lang='lat' dir='ltr'>Bolrniae,</span> <span class='ocrx_word' id='word_1_69' title='bbox 994 1352 1160 1445; x_wconf 87' lang='lat' dir='ltr'>quosdam</span> <span class='ocrx_word' id='word_1_70' title='bbox 1187 1377 1298 1452; x_wconf 84' lang='lat' dir='ltr'>pagos</span> <span class='ocrx_word' id='word_1_71' title='bbox 1326 1381 1410 1431; x_wconf 90' lang='lat' dir='ltr'>con·</span> 
     </span>
     <span class='ocr_line' id='line_1_10' title="bbox 208 1442 1415 1549; baseline 0.003 -25"><span class='ocrx_word' id='word_1_72' title='bbox 208 1488 231 1524; x_wconf 71' lang='lat' dir='ltr'><em>n</em></span> <span class='ocrx_word' id='word_1_73' title='bbox 256 1448 319 1521; x_wconf 87' lang='lat' dir='ltr'>stat</span> <span class='ocrx_word' id='word_1_74' title='bbox 338 1448 447 1524; x_wconf 89' lang='lat' dir='ltr'>teneri</span> <span class='ocrx_word' id='word_1_75' title='bbox 466 1447 507 1517; x_wconf 90' lang='lat' dir='ltr'>ab</span> <span class='ocrx_word' id='word_1_76' title='bbox 517 1442 705 1539; x_wconf 83' lang='lat' dir='ltr'>Episcopis</span> <span class='ocrx_word' id='word_1_77' title='bbox 722 1446 887 1517; x_wconf 83' lang='lat' dir='ltr'>Attreboti</span> <span class='ocrx_word' id='word_1_78' title='bbox 893 1497 909 1531; x_wconf 92' lang='lat'>,</span> <span class='ocrx_word' id='word_1_79' title='bbox 929 1448 964 1520; x_wconf 90' lang='lat' dir='ltr'>S.</span> <span class='ocrx_word' id='word_1_80' title='bbox 976 1448 1110 1532; x_wconf 73' lang='lat' dir='ltr'>Onesi,</span> <span class='ocrx_word' id='word_1_81' title='bbox 1134 1448 1287 1545; x_wconf 80' lang='lat' dir='ltr'>aliosque</span> <span class='ocrx_word' id='word_1_82' title='bbox 1298 1475 1415 1549; x_wconf 84' lang='lat' dir='ltr'>pagos·</span> 
     </span>
     <span class='ocr_line' id='line_1_11' title="bbox 210 1540 1412 1641; baseline 0 -20"><span class='ocrx_word' id='word_1_83' title='bbox 210 1585 234 1621; x_wconf 78' lang='lat' dir='ltr'>n</span> <span class='ocrx_word' id='word_1_84' title='bbox 257 1540 432 1638; x_wconf 79' lang='lat' dir='ltr'>Arsbrsioe,</span> <span class='ocrx_word' id='word_1_85' title='bbox 456 1565 497 1615; x_wconf 90' lang='lat' dir='ltr'>ac</span> <span class='ocrx_word' id='word_1_86' title='bbox 513 1540 686 1618; x_wconf 84' lang='lat' dir='ltr'>Flandriae</span> <span class='ocrx_word' id='word_1_87' title='bbox 718 1542 761 1615; x_wconf 83' lang='lat' dir='ltr'>ab</span> <span class='ocrx_word' id='word_1_88' title='bbox 787 1540 975 1637; x_wconf 86' lang='lat' dir='ltr'>Episcopis</span> <span class='ocrx_word' id='word_1_89' title='bbox 994 1546 1166 1636; x_wconf 81' lang='lat' dir='ltr'>Ambiani,</span> <span class='ocrx_word' id='word_1_90' title='bbox 1198 1548 1236 1621; x_wconf 78' lang='grc' dir='ltr'>δι</span> <span class='ocrx_word' id='word_1_91' title='bbox 1254 1549 1412 1641; x_wconf 78' lang='lat' dir='ltr'>Boionia,</span> 
     </span>
     <span class='ocr_line' id='line_1_12' title="bbox 209 1635 1410 1737; baseline 0.001 -20"><span class='ocrx_word' id='word_1_92' title='bbox 209 1682 232 1717; x_wconf 64' lang='grc' dir='ltr'><em>η</em></span> <span class='ocrx_word' id='word_1_93' title='bbox 257 1642 352 1715; x_wconf 87' lang='lat' dir='ltr'>unde</span> <span class='ocrx_word' id='word_1_94' title='bbox 376 1639 613 1737; x_wconf 81' lang='lat' dir='ltr'>saepenumero</span> <span class='ocrx_word' id='word_1_95' title='bbox 643 1635 736 1711; x_wconf 85' lang='lat' dir='ltr'>nasci</span> <span class='ocrx_word' id='word_1_96' title='bbox 758 1636 873 1711; x_wconf 86' lang='lat' dir='ltr'>solent</span> <span class='ocrx_word' id='word_1_97' title='bbox 895 1641 1161 1727; x_wconf 83' lang='lat' dir='ltr'>contentiones,</span> <span class='ocrx_word' id='word_1_98' title='bbox 1186 1642 1227 1718; x_wconf 70' lang='grc' dir='ltr'><strong>ἃ</strong></span> <span class='ocrx_word' id='word_1_99' title='bbox 1247 1644 1410 1735; x_wconf 83' lang='lat' dir='ltr'>diffidiae,</span> 
     </span>
     <span class='ocr_line' id='line_1_13' title="bbox 208 1730 1511 1833; baseline -0.001 -20"><span class='ocrx_word' id='word_1_100' title='bbox 208 1777 233 1813; x_wconf 76' lang='lat' dir='ltr'>n</span> <span class='ocrx_word' id='word_1_101' title='bbox 256 1737 429 1833; x_wconf 86' lang='lat' dir='ltr'>utrimque</span> <span class='ocrx_word' id='word_1_102' title='bbox 451 1737 640 1822; x_wconf 91' lang='lat' dir='ltr'>convenit,</span> <span class='ocrx_word' id='word_1_103' title='bbox 668 1732 760 1825; x_wconf 88' lang='lat' dir='ltr'>quod</span> <span class='ocrx_word' id='word_1_104' title='bbox 786 1730 973 1829; x_wconf 73' lang='lat' dir='ltr'>impetrati</span> <span class='ocrx_word' id='word_1_105' title='bbox 996 1738 1096 1830; x_wconf 84' lang='lat' dir='ltr'>prius</span> <span class='ocrx_word' id='word_1_106' title='bbox 1117 1740 1239 1826; x_wconf 75' lang='lat' dir='ltr'>venii,</span> <span class='ocrx_word' id='word_1_107' title='bbox 1258 1735 1297 1812; x_wconf 75' lang='lat' dir='ltr'>oz</span> <span class='ocrx_word' id='word_1_108' title='bbox 1324 1764 1407 1815; x_wconf 88' lang='lat' dir='ltr'>con·</span> <span class='ocrx_word' id='word_1_109' title='bbox 1506 1749 1511 1771; x_wconf 84' lang='lat'>&#39;</span> 
     </span>
     <span class='ocr_line' id='line_1_14' title="bbox 206 1827 1416 1926; baseline 0.002 -17"><span class='ocrx_word' id='word_1_110' title='bbox 206 1874 230 1909; x_wconf 71' lang='lat' dir='ltr'>n</span> <span class='ocrx_word' id='word_1_111' title='bbox 249 1830 349 1907; x_wconf 81' lang='lat' dir='ltr'>seniis</span> <span class='ocrx_word' id='word_1_112' title='bbox 368 1834 404 1906; x_wconf 87' lang='lat' dir='ltr'>S.</span> <span class='ocrx_word' id='word_1_113' title='bbox 421 1830 534 1905; x_wconf 85' lang='lat' dir='ltr'>Patris</span> <span class='ocrx_word' id='word_1_114' title='bbox 551 1828 658 1906; x_wconf 86' lang='lat' dir='ltr'>nostri</span> <span class='ocrx_word' id='word_1_115' title='bbox 677 1827 783 1926; x_wconf 85' lang='lat' dir='ltr'>Papae</span> <span class='ocrx_word' id='word_1_116' title='bbox 796 1832 878 1903; x_wconf 89' lang='lat' dir='ltr'>hinc</span> <span class='ocrx_word' id='word_1_117' title='bbox 895 1830 977 1905; x_wconf 90' lang='lat' dir='ltr'>inde</span> <span class='ocrx_word' id='word_1_118' title='bbox 996 1828 1190 1910; x_wconf 85' lang='lat' dir='ltr'>statuentur</span> <span class='ocrx_word' id='word_1_119' title='bbox 1205 1836 1416 1912; x_wconf 76' lang='lat' dir='ltr'>Commissa--</span> 
     </span>
     <span class='ocr_line' id='line_1_15' title="bbox 208 1923 1408 2026; baseline 0 -19"><span class='ocrx_word' id='word_1_120' title='bbox 208 1970 231 2007; x_wconf 74' lang='lat' dir='ltr'><em>n</em></span> <span class='ocrx_word' id='word_1_121' title='bbox 256 1930 320 2018; x_wconf 91' lang='lat' dir='ltr'>rii,</span> <span class='ocrx_word' id='word_1_122' title='bbox 345 1932 408 2026; x_wconf 89' lang='lat' dir='ltr'>qui</span> <span class='ocrx_word' id='word_1_123' title='bbox 427 1932 518 2001; x_wconf 86' lang='lat' dir='ltr'>intra</span> <span class='ocrx_word' id='word_1_124' title='bbox 542 1930 623 1999; x_wconf 91' lang='lat' dir='ltr'>anni</span> <span class='ocrx_word' id='word_1_125' title='bbox 653 1928 753 2000; x_wconf 89' lang='lat' dir='ltr'>unius</span> <span class='ocrx_word' id='word_1_126' title='bbox 781 1923 929 2023; x_wconf 86' lang='lat' dir='ltr'>spatium</span> <span class='ocrx_word' id='word_1_127' title='bbox 959 1932 1199 2021; x_wconf 87' lang='lat' dir='ltr'>convenient,</span> <span class='ocrx_word' id='word_1_128' title='bbox 1225 1935 1286 2006; x_wconf 89' lang='lat' dir='ltr'>nbi</span> <span class='ocrx_word' id='word_1_129' title='bbox 1312 1957 1408 2007; x_wconf 88' lang='lat' dir='ltr'>cotn-</span> 
     </span>
     <span class='ocr_line' id='line_1_16' title="bbox 206 2022 1440 2123; baseline 0 -20"><span class='ocrx_word' id='word_1_130' title='bbox 206 2066 230 2103; x_wconf 74' lang='lat' dir='ltr'>n</span> <span class='ocrx_word' id='word_1_131' title='bbox 254 2026 398 2099; x_wconf 90' lang='lat' dir='ltr'>modum</span> <span class='ocrx_word' id='word_1_132' title='bbox 417 2025 610 2112; x_wconf 88' lang='lat' dir='ltr'>videbitur,</span> <span class='ocrx_word' id='word_1_133' title='bbox 635 2024 682 2097; x_wconf 85' lang='lat' dir='ltr'>ad</span> <span class='ocrx_word' id='word_1_134' title='bbox 697 2022 911 2123; x_wconf 82' lang='lat' dir='ltr'>definiendas</span> <span class='ocrx_word' id='word_1_135' title='bbox 931 2028 1207 2119; x_wconf 85' lang='lat' dir='ltr'>permutationes</span> <span class='ocrx_word' id='word_1_136' title='bbox 1234 2026 1409 2105; x_wconf 79' lang='lat' dir='ltr'>dierorum</span> <span class='ocrx_word' id='word_1_137' title='bbox 1435 2106 1440 2118; x_wconf 69' lang='grc'><strong>,</strong></span> 
     </span>
     <span class='ocr_line' id='line_1_17' title="bbox 207 2118 1410 2222; baseline 0.003 -27"><span class='ocrx_word' id='word_1_138' title='bbox 207 2161 231 2199; x_wconf 77' lang='lat' dir='ltr'><em>n</em></span> <span class='ocrx_word' id='word_1_139' title='bbox 254 2144 451 2219; x_wconf 87' lang='lat' dir='ltr'>pagorum,</span> <span class='ocrx_word' id='word_1_140' title='bbox 478 2123 786 2201; x_wconf 87' lang='lat' dir='ltr'>incommodum,</span> <span class='ocrx_word' id='word_1_141' title='bbox 814 2118 1054 2195; x_wconf 88' lang='lat' dir='ltr'>&amp;utilitatem</span> <span class='ocrx_word' id='word_1_142' title='bbox 1086 2128 1410 2222; x_wconf 84' lang='lat' dir='ltr'>utriusquepartis.</span> 
     </span>
     <span class='ocr_line' id='line_1_18' title="bbox 254 2216 1411 2313; baseline 0.002 -19"><span class='ocrx_word' id='word_1_143' title='bbox 254 2261 277 2296; x_wconf 67' lang='grc' dir='ltr'><em>η</em></span> <span class='ocrx_word' id='word_1_144' title='bbox 307 2240 361 2307; x_wconf 86' lang='lat'>19.</span> <span class='ocrx_word' id='word_1_145' title='bbox 388 2216 523 2291; x_wconf 83' lang='lat' dir='ltr'>Omnes</span> <span class='ocrx_word' id='word_1_146' title='bbox 553 2218 690 2311; x_wconf 88' lang='lat' dir='ltr'>captivi</span> <span class='ocrx_word' id='word_1_147' title='bbox 729 2216 814 2289; x_wconf 92' lang='lat' dir='ltr'>belli</span> <span class='ocrx_word' id='word_1_148' title='bbox 844 2216 948 2291; x_wconf 78' lang='lat' dir='ltr'>causi</span> <span class='ocrx_word' id='word_1_149' title='bbox 978 2216 1155 2313; x_wconf 87' lang='lat' dir='ltr'>utriusque</span> <span class='ocrx_word' id='word_1_150' title='bbox 1193 2222 1346 2309; x_wconf 88' lang='lat' dir='ltr'>detenti,</span> <span class='ocrx_word' id='word_1_151' title='bbox 1371 2226 1411 2296; x_wconf 90' lang='lat' dir='ltr'>in</span> 
     </span>
     <span class='ocr_line' id='line_1_19' title="bbox 205 2312 1408 2412; baseline -0.002 -21"><span class='ocrx_word' id='word_1_152' title='bbox 205 2354 230 2391; x_wconf 74' lang='lat' dir='ltr'>n</span> <span class='ocrx_word' id='word_1_153' title='bbox 255 2312 432 2410; x_wconf 87' lang='lat' dir='ltr'>pristinam</span> <span class='ocrx_word' id='word_1_154' title='bbox 449 2316 644 2387; x_wconf 84' lang='lat' dir='ltr'>libertatem</span> <span class='ocrx_word' id='word_1_155' title='bbox 665 2312 913 2397; x_wconf 85' lang='lat' dir='ltr'>restituentur,</span> <span class='ocrx_word' id='word_1_156' title='bbox 939 2313 1051 2386; x_wconf 64' lang='lat' dir='ltr'>virius</span> <span class='ocrx_word' id='word_1_157' title='bbox 1075 2315 1248 2412; x_wconf 83' lang='lat' dir='ltr'>impensas</span> <span class='ocrx_word' id='word_1_158' title='bbox 1272 2315 1408 2392; x_wconf 88' lang='lat' dir='ltr'>solven-</span> 
     </span>
    </p>

    <p class='ocr_par' dir='ltr' id='par_1_3' title="bbox 164 2402 1478 2793">
     <span class='ocr_line' id='line_1_20' title="bbox 164 2402 1478 2573; baseline 0.002 -90"><span class='ocrx_word' id='word_1_159' title='bbox 164 2406 176 2418; x_wconf 74' lang='grc'><em>“</em></span> <span class='ocrx_word' id='word_1_160' title='bbox 206 2451 232 2489; x_wconf 81' lang='lat' dir='ltr'><em>n</em></span> <span class='ocrx_word' id='word_1_161' title='bbox 256 2411 326 2503; x_wconf 84' lang='lat' dir='ltr'>do,</span> <span class='ocrx_word' id='word_1_162' title='bbox 352 2410 389 2485; x_wconf 76' lang='grc' dir='ltr'>δι</span> <span class='ocrx_word' id='word_1_163' title='bbox 417 2406 594 2504; x_wconf 84' lang='lat' dir='ltr'>quidquid</span> <span class='ocrx_word' id='word_1_164' title='bbox 610 2402 895 2573; x_wconf 59' lang='lat' dir='ltr'>praeteteasjuste</span> <span class='ocrx_word' id='word_1_165' title='bbox 929 2408 1127 2496; x_wconf 82' lang='lat' dir='ltr'>debebunt,</span> <span class='ocrx_word' id='word_1_166' title='bbox 1153 2414 1250 2485; x_wconf 87' lang='lat' dir='ltr'>nullo</span> <span class='ocrx_word' id='word_1_167' title='bbox 1274 2415 1410 2487; x_wconf 78' lang='lat' dir='ltr'>redem-</span> <span class='ocrx_word' id='word_1_168' title='bbox 1471 2444 1478 2455; x_wconf 66' lang='grc'><em>’</em></span> 
     </span>
     <span class='ocr_line' id='line_1_21' title="bbox 206 2500 1405 2600; baseline 0.001 -22"><span class='ocrx_word' id='word_1_169' title='bbox 206 2547 232 2585; x_wconf 73' lang='lat' dir='ltr'>n</span> <span class='ocrx_word' id='word_1_170' title='bbox 283 2508 388 2579; x_wconf 82' lang='lat' dir='ltr'>tionis</span> <span class='ocrx_word' id='word_1_171' title='bbox 411 2506 530 2600; x_wconf 88' lang='lat' dir='ltr'>pretio</span> <span class='ocrx_word' id='word_1_172' title='bbox 558 2500 728 2590; x_wconf 85' lang='lat' dir='ltr'>obnoxii,</span> <span class='ocrx_word' id='word_1_173' title='bbox 744 2502 807 2573; x_wconf 85' lang='lat' dir='ltr'>nir</span> <span class='ocrx_word' id='word_1_174' title='bbox 833 2500 877 2574; x_wconf 89' lang='lat' dir='ltr'>de</span> <span class='ocrx_word' id='word_1_175' title='bbox 896 2525 939 2577; x_wconf 88' lang='lat' dir='ltr'>eo</span> <span class='ocrx_word' id='word_1_176' title='bbox 964 2522 1065 2577; x_wconf 87' lang='lat' dir='ltr'>antea</span> <span class='ocrx_word' id='word_1_177' title='bbox 1092 2510 1341 2597; x_wconf 88' lang='lat' dir='ltr'>convenerint,</span> <span class='ocrx_word' id='word_1_178' title='bbox 1367 2500 1405 2579; x_wconf 77' lang='lat' dir='ltr'>bi</span> 
     </span>
     <span class='ocr_line' id='line_1_22' title="bbox 206 2530 1411 2700; baseline -0.002 -21"><span class='ocrx_word' id='word_1_179' title='bbox 206 2642 230 2679; x_wconf 73' lang='grc' dir='ltr'><strong>υ</strong></span> <span class='ocrx_word' id='word_1_180' title='bbox 256 2530 339 2677; x_wconf 63' lang='lat' dir='ltr'>iti</span> <span class='ocrx_word' id='word_1_181' title='bbox 367 2603 411 2674; x_wconf 90' lang='lat' dir='ltr'>de</span> <span class='ocrx_word' id='word_1_182' title='bbox 436 2623 474 2676; x_wconf 89' lang='lat' dir='ltr'>re</span> <span class='ocrx_word' id='word_1_183' title='bbox 505 2600 663 2693; x_wconf 81' lang='lat' dir='ltr'>quaerelae</span> <span class='ocrx_word' id='word_1_184' title='bbox 692 2596 873 2681; x_wconf 84' lang='lat' dir='ltr'>oriantur,</span> <span class='ocrx_word' id='word_1_185' title='bbox 904 2598 1111 2675; x_wconf 86' lang='lat' dir='ltr'>decidentur</span> <span class='ocrx_word' id='word_1_186' title='bbox 1137 2603 1181 2677; x_wconf 86' lang='lat' dir='ltr'>ab</span> <span class='ocrx_word' id='word_1_187' title='bbox 1208 2605 1277 2690; x_wconf 87' lang='lat' dir='ltr'>iis,</span> <span class='ocrx_word' id='word_1_188' title='bbox 1312 2628 1411 2700; x_wconf 89' lang='lat' dir='ltr'>quos-</span> 
     </span>
     <span class='ocr_line' id='line_1_23' title="bbox 205 2694 1403 2793; baseline 0.003 -20"><span class='ocrx_word' id='word_1_189' title='bbox 205 2736 233 2775; x_wconf 73' lang='grc' dir='ltr'><em>η</em></span> <span class='ocrx_word' id='word_1_190' title='bbox 254 2696 424 2793; x_wconf 88' lang='lat' dir='ltr'>Princeps</span> <span class='ocrx_word' id='word_1_191' title='bbox 448 2696 540 2769; x_wconf 89' lang='lat' dir='ltr'>illius</span> <span class='ocrx_word' id='word_1_192' title='bbox 556 2695 721 2781; x_wconf 72' lang='lat' dir='ltr'>(brionis,</span> <span class='ocrx_word' id='word_1_193' title='bbox 747 2694 810 2767; x_wconf 89' lang='lat' dir='ltr'>ubi</span> <span class='ocrx_word' id='word_1_194' title='bbox 824 2696 958 2789; x_wconf 89' lang='lat' dir='ltr'>captivi</span> <span class='ocrx_word' id='word_1_195' title='bbox 975 2696 1403 2783; x_wconf 60' lang='lat' dir='ltr'>&amp;nuentonconstituet</span> 
     </span>
    </p>

    <p class='ocr_par' dir='ltr' id='par_1_4' title="bbox 202 2788 1408 3277">
     <span class='ocr_line' id='line_1_24' title="bbox 254 2788 1408 2893; baseline 0.002 -24"><span class='ocrx_word' id='word_1_196' title='bbox 254 2836 279 2873; x_wconf 58' lang='lat' dir='ltr'>t,</span> <span class='ocrx_word' id='word_1_197' title='bbox 305 2818 363 2871; x_wconf 82' lang='lat' dir='ltr'>uo.</span> <span class='ocrx_word' id='word_1_198' title='bbox 388 2790 525 2867; x_wconf 87' lang='lat' dir='ltr'>Omnes</span> <span class='ocrx_word' id='word_1_199' title='bbox 543 2792 603 2863; x_wconf 80' lang='lat' dir='ltr'>assi</span> <span class='ocrx_word' id='word_1_200' title='bbox 626 2789 763 2887; x_wconf 87' lang='lat' dir='ltr'>captivi</span> <span class='ocrx_word' id='word_1_201' title='bbox 781 2792 971 2865; x_wconf 88' lang='lat' dir='ltr'>eorundem</span> <span class='ocrx_word' id='word_1_202' title='bbox 1002 2788 1142 2889; x_wconf 82' lang='lat' dir='ltr'>Regum</span> <span class='ocrx_word' id='word_1_203' title='bbox 1171 2795 1317 2884; x_wconf 90' lang='lat' dir='ltr'>subditi,</span> <span class='ocrx_word' id='word_1_204' title='bbox 1341 2792 1408 2893; x_wconf 81' lang='lat' dir='ltr'>qui&#39;</span> 
     </span>
     <span class='ocr_line' id='line_1_25' title="bbox 205 2886 1406 2990; baseline 0.001 -23"><span class='ocrx_word' id='word_1_205' title='bbox 205 2930 231 2969; x_wconf 69' lang='grc' dir='ltr'><em>η</em></span> <span class='ocrx_word' id='word_1_206' title='bbox 254 2892 302 2964; x_wconf 92' lang='lat' dir='ltr'>ob</span> <span class='ocrx_word' id='word_1_207' title='bbox 323 2890 426 2973; x_wconf 89' lang='lat' dir='ltr'>belli,</span> <span class='ocrx_word' id='word_1_208' title='bbox 453 2907 719 2985; x_wconf 86' lang='lat' dir='ltr'>temporumque</span> <span class='ocrx_word' id='word_1_209' title='bbox 746 2886 972 2962; x_wconf 85' lang='lat' dir='ltr'>calamitatem</span> <span class='ocrx_word' id='word_1_210' title='bbox 992 2891 1029 2962; x_wconf 96' lang='lat' dir='ltr'>in</span> <span class='ocrx_word' id='word_1_211' title='bbox 1046 2892 1210 2989; x_wconf 66' lang='lat' dir='ltr'>triremes</span> <span class='ocrx_word' id='word_1_212' title='bbox 1222 2892 1406 2990; x_wconf 87' lang='lat' dir='ltr'>utriusque</span> 
     </span>
     <span class='ocr_line' id='line_1_26' title="bbox 203 2981 1401 3083; baseline 0.003 -23"><span class='ocrx_word' id='word_1_213' title='bbox 203 3027 228 3065; x_wconf 80' lang='lat' dir='ltr'><em>n</em></span> <span class='ocrx_word' id='word_1_214' title='bbox 254 2984 362 3083; x_wconf 84' lang='lat' dir='ltr'>Regis</span> <span class='ocrx_word' id='word_1_215' title='bbox 379 2982 548 3079; x_wconf 76' lang='lat' dir='ltr'>conjeiii,</span> <span class='ocrx_word' id='word_1_216' title='bbox 573 2985 863 3077; x_wconf 82' lang='lat' dir='ltr'>condemnatique</span> <span class='ocrx_word' id='word_1_217' title='bbox 888 2981 988 3071; x_wconf 84' lang='lat' dir='ltr'>sunt,</span> <span class='ocrx_word' id='word_1_218' title='bbox 1012 2985 1180 3061; x_wconf 79' lang='lat' dir='ltr'>mntinuo</span> <span class='ocrx_word' id='word_1_219' title='bbox 1199 2989 1401 3063; x_wconf 84' lang='lat' dir='ltr'>relaxabun·</span> 
     </span>
     <span class='ocr_line' id='line_1_27' title="bbox 203 3076 1406 3176; baseline 0.005 -20"><span class='ocrx_word' id='word_1_220' title='bbox 203 3124 232 3162; x_wconf 81' lang='lat' dir='ltr'><em>n</em></span> <span class='ocrx_word' id='word_1_221' title='bbox 255 3100 335 3169; x_wconf 90' lang='lat' dir='ltr'>tur,</span> <span class='ocrx_word' id='word_1_222' title='bbox 362 3076 400 3155; x_wconf 72' lang='grc' dir='ltr'>ἃ</span> <span class='ocrx_word' id='word_1_223' title='bbox 419 3083 455 3153; x_wconf 82' lang='lat' dir='ltr'>‘tn</span> <span class='ocrx_word' id='word_1_224' title='bbox 471 3081 666 3176; x_wconf 85' lang='lat' dir='ltr'>libertatern</span> <span class='ocrx_word' id='word_1_225' title='bbox 689 3078 876 3153; x_wconf 83' lang='lat' dir='ltr'>afferentur</span> <span class='ocrx_word' id='word_1_226' title='bbox 894 3077 965 3153; x_wconf 87' lang='lat' dir='ltr'>line</span> <span class='ocrx_word' id='word_1_227' title='bbox 992 3082 1066 3157; x_wconf 79' lang='lat' dir='ltr'>uus</span> <span class='ocrx_word' id='word_1_228' title='bbox 1093 3082 1277 3171; x_wconf 86' lang='lat' dir='ltr'>dilatione,</span> <span class='ocrx_word' id='word_1_229' title='bbox 1301 3088 1406 3162; x_wconf 85' lang='lat' dir='ltr'>nullo</span> 
     </span>
     <span class='ocr_line' id='line_1_28' title="bbox 202 3177 1406 3277; baseline -0.004 -18"><span class='ocrx_word' id='word_1_230' title='bbox 202 3220 228 3259; x_wconf 79' lang='lat' dir='ltr'>n</span> <span class='ocrx_word' id='word_1_231' title='bbox 255 3180 398 3254; x_wconf 89' lang='lat' dir='ltr'>omnino</span> <span class='ocrx_word' id='word_1_232' title='bbox 415 3177 570 3251; x_wconf 87' lang='lat' dir='ltr'>obstante</span> <span class='ocrx_word' id='word_1_233' title='bbox 597 3196 792 3273; x_wconf 71' lang='lat' dir='ltr'>praetextu,</span> <span class='ocrx_word' id='word_1_234' title='bbox 817 3193 876 3248; x_wconf 90' lang='lat' dir='ltr'>aut</span> <span class='ocrx_word' id='word_1_235' title='bbox 899 3178 1023 3265; x_wconf 76' lang='lat' dir='ltr'>causi,</span> <span class='ocrx_word' id='word_1_236' title='bbox 1048 3202 1113 3253; x_wconf 86' lang='lat' dir='ltr'>nec</span> <span class='ocrx_word' id='word_1_237' title='bbox 1138 3182 1331 3277; x_wconf 82' lang='lat' dir='ltr'>quicquam·</span> <span class='ocrx_word' id='word_1_238' title='bbox 1352 3178 1406 3255; x_wconf 88' lang='lat' dir='ltr'>ab</span> 
     </span>
    </p>

    <p class='ocr_par' dir='ltr' id='par_1_5' title="bbox 105 3270 1249 3369">
     <span class='ocr_line' id='line_1_29' title="bbox 105 3270 1249 3369; baseline 0 -18"><span class='ocrx_word' id='word_1_239' title='bbox 105 3286 113 3294; x_wconf 80' lang='lat'><strong><em>&#39;</em></strong></span> <span class='ocrx_word' id='word_1_240' title='bbox 203 3314 228 3355; x_wconf 75' lang='grc' dir='ltr'><em>η</em></span> <span class='ocrx_word' id='word_1_241' title='bbox 254 3278 318 3360; x_wconf 86' lang='lat' dir='ltr'>iis,</span> <span class='ocrx_word' id='word_1_242' title='bbox 333 3274 395 3350; x_wconf 89' lang='lat' dir='ltr'>vel</span> <span class='ocrx_word' id='word_1_243' title='bbox 412 3272 680 3368; x_wconf 83' lang='lat' dir='ltr'>redemptionis,</span> <span class='ocrx_word' id='word_1_244' title='bbox 697 3275 756 3348; x_wconf 89' lang='lat' dir='ltr'>vel</span> <span class='ocrx_word' id='word_1_245' title='bbox 768 3270 881 3345; x_wconf 73' lang='lat' dir='ltr'>viiius</span> <span class='ocrx_word' id='word_1_246' title='bbox 898 3275 1003 3347; x_wconf 75' lang='lat' dir='ltr'>causi</span> <span class='ocrx_word' id='word_1_247' title='bbox 1021 3275 1249 3369; x_wconf 77' lang='lat' dir='ltr'>erigendum.¹</span> 
     </span>
    </p>

    <p class='ocr_par' dir='ltr' id='par_1_6' title="bbox 198 3364 1445 4219">
     <span class='ocr_line' id='line_1_30' title="bbox 254 3364 1401 3468; baseline -0.003 -19"><span class='ocrx_word' id='word_1_248' title='bbox 254 3415 281 3449; x_wconf 70' lang='grc' dir='ltr'><em>η</em></span> <span class='ocrx_word' id='word_1_249' title='bbox 305 3392 361 3444; x_wconf 81' lang='lat' dir='ltr'>nt.</span> <span class='ocrx_word' id='word_1_250' title='bbox 385 3368 620 3443; x_wconf 84' lang='lat' dir='ltr'>Reservautur</span> <span class='ocrx_word' id='word_1_251' title='bbox 649 3370 752 3443; x_wconf 88' lang='lat' dir='ltr'>etiam</span> <span class='ocrx_word' id='word_1_252' title='bbox 775 3365 871 3442; x_wconf 76' lang='lat' dir='ltr'>ditio</span> <span class='ocrx_word' id='word_1_253' title='bbox 890 3364 982 3461; x_wconf 91' lang='lat' dir='ltr'>Regi</span> <span class='ocrx_word' id='word_1_254' title='bbox 1000 3366 1187 3444; x_wconf 86' lang='lat' dir='ltr'>Catholico</span> <span class='ocrx_word' id='word_1_255' title='bbox 1210 3368 1401 3468; x_wconf 84' lang='lat' dir='ltr'>Hispania-</span> 
     </span>
     <span class='ocr_line' id='line_1_31' title="bbox 202 3460 1403 3565; baseline 0.002 -24"><span class='ocrx_word' id='word_1_256' title='bbox 202 3509 228 3547; x_wconf 67' lang='grc' dir='ltr'><em>η</em></span> <span class='ocrx_word' id='word_1_257' title='bbox 253 3487 356 3554; x_wconf 84' lang='lat' dir='ltr'>tum,</span> <span class='ocrx_word' id='word_1_258' title='bbox 383 3464 552 3557; x_wconf 71' lang='lat' dir='ltr'>diiiaeque</span> <span class='ocrx_word' id='word_1_259' title='bbox 591 3462 820 3539; x_wconf 79' lang='lat' dir='ltr'>Sereniffimae</span> <span class='ocrx_word' id='word_1_260' title='bbox 846 3460 1005 3548; x_wconf 72' lang='lat' dir='ltr'>inlinti,</span> <span class='ocrx_word' id='word_1_261' title='bbox 1033 3463 1104 3559; x_wconf 81' lang='lat' dir='ltr'>ej&#39;us</span> <span class='ocrx_word' id='word_1_262' title='bbox 1138 3462 1221 3549; x_wconf 80' lang='lat' dir='ltr'>fisiae</span> <span class='ocrx_word' id='word_1_263' title='bbox 1255 3471 1403 3565; x_wconf 75' lang='lat' dir='ltr'>maiori,</span> 
     </span>
     <span class='ocr_line' id='line_1_32' title="bbox 200 3557 1396 3659; baseline -0.004 -16"><span class='ocrx_word' id='word_1_264' title='bbox 200 3605 228 3643; x_wconf 74' lang='grc' dir='ltr'><em>η</em></span> <span class='ocrx_word' id='word_1_265' title='bbox 253 3583 376 3637; x_wconf 86' lang='lat' dir='ltr'>eorum</span> <span class='ocrx_word' id='word_1_266' title='bbox 396 3558 667 3649; x_wconf 82' lang='lat' dir='ltr'>iucceiioribus,</span> <span class='ocrx_word' id='word_1_267' title='bbox 691 3560 931 3654; x_wconf 72' lang='lat' dir='ltr'>astionemque</span> <span class='ocrx_word' id='word_1_268' title='bbox 957 3557 1169 3637; x_wconf 81' lang='lat' dir='ltr'>habentibus</span> <span class='ocrx_word' id='word_1_269' title='bbox 1191 3565 1308 3659; x_wconf 84' lang='lat' dir='ltr'>omnia</span> <span class='ocrx_word' id='word_1_270' title='bbox 1336 3588 1396 3640; x_wconf 74' lang='lat' dir='ltr'>eo</span> 
     </span>
     <span class='ocr_line' id='line_1_33' title="bbox 200 3650 1402 3754; baseline 0.002 -24"><span class='ocrx_word' id='word_1_271' title='bbox 200 3696 229 3739; x_wconf 75' lang='lat'>„</span> <span class='ocrx_word' id='word_1_272' title='bbox 253 3681 330 3733; x_wconf 87' lang='lat' dir='ltr'>rum</span> <span class='ocrx_word' id='word_1_273' title='bbox 350 3656 447 3751; x_wconf 87' lang='lat' dir='ltr'>jura,</span> <span class='ocrx_word' id='word_1_274' title='bbox 482 3654 658 3741; x_wconf 77' lang='lat' dir='ltr'>artiones,</span> <span class='ocrx_word' id='word_1_275' title='bbox 693 3652 731 3726; x_wconf 75' lang='grc' dir='ltr'>δι</span> <span class='ocrx_word' id='word_1_276' title='bbox 757 3650 1033 3747; x_wconf 81' lang='lat' dir='ltr'>praetenfiones,</span> <span class='ocrx_word' id='word_1_277' title='bbox 1063 3680 1150 3754; x_wconf 86' lang='lat' dir='ltr'>quas</span> <span class='ocrx_word' id='word_1_278' title='bbox 1181 3656 1246 3732; x_wconf 88' lang='lat' dir='ltr'>fibi</span> <span class='ocrx_word' id='word_1_279' title='bbox 1275 3656 1402 3736; x_wconf 86' lang='lat' dir='ltr'>deberi</span> 
     </span>
     <span class='ocr_line' id='line_1_34' title="bbox 198 3748 1406 3846; baseline 0.001 -18"><span class='ocrx_word' id='word_1_280' title='bbox 198 3794 226 3834; x_wconf 75' lang='lat' dir='ltr'><em>n</em></span> <span class='ocrx_word' id='word_1_281' title='bbox 252 3752 445 3829; x_wconf 82' lang='lat' dir='ltr'>existimant</span> <span class='ocrx_word' id='word_1_282' title='bbox 470 3752 507 3823; x_wconf 90' lang='lat' dir='ltr'>iu</span> <span class='ocrx_word' id='word_1_283' title='bbox 533 3752 633 3825; x_wconf 73' lang='lat' dir='ltr'>diois</span> <span class='ocrx_word' id='word_1_284' title='bbox 660 3748 810 3846; x_wconf 87' lang='lat' dir='ltr'>Regnis,</span> <span class='ocrx_word' id='word_1_285' title='bbox 849 3752 950 3825; x_wconf 85' lang='lat' dir='ltr'>terris</span> <span class='ocrx_word' id='word_1_286' title='bbox 962 3803 974 3839; x_wconf 96' lang='lat'>,</span> <span class='ocrx_word' id='word_1_287' title='bbox 1001 3752 1203 3839; x_wconf 83' lang='lat' dir='ltr'>Dominiis,</span> <span class='ocrx_word' id='word_1_288' title='bbox 1227 3775 1289 3832; x_wconf 85' lang='lat' dir='ltr'>aut</span> <span class='ocrx_word' id='word_1_289' title='bbox 1311 3748 1406 3831; x_wconf 73' lang='lat' dir='ltr'>alibi?</span> 
     </span>
     <span class='ocr_line' id='line_1_35' title="bbox 198 3844 1445 3947; baseline 0.003 -24"><span class='ocrx_word' id='word_1_290' title='bbox 198 3890 226 3929; x_wconf 76' lang='lat' dir='ltr'><em>n</em></span> <span class='ocrx_word' id='word_1_291' title='bbox 252 3848 475 3947; x_wconf 77' lang='lat' dir='ltr'>quatumque</span> <span class='ocrx_word' id='word_1_292' title='bbox 503 3846 553 3919; x_wconf 84' lang='lat' dir='ltr'>de</span> <span class='ocrx_word' id='word_1_293' title='bbox 574 3844 697 3930; x_wconf 71' lang='lat' dir='ltr'>causi,</span> <span class='ocrx_word' id='word_1_294' title='bbox 730 3845 856 3943; x_wconf 87' lang='lat' dir='ltr'>quibus</span> <span class='ocrx_word' id='word_1_295' title='bbox 879 3868 945 3922; x_wconf 89' lang='lat' dir='ltr'>nec</span> <span class='ocrx_word' id='word_1_296' title='bbox 975 3849 1020 3921; x_wconf 88' lang='lat' dir='ltr'>ab</span> <span class='ocrx_word' id='word_1_297' title='bbox 1047 3848 1155 3946; x_wconf 74' lang='lat' dir='ltr'>ipso,</span> <span class='ocrx_word' id='word_1_298' title='bbox 1181 3873 1247 3924; x_wconf 92' lang='lat' dir='ltr'>nec</span> <span class='ocrx_word' id='word_1_299' title='bbox 1276 3850 1298 3924; x_wconf 73' lang='lat' dir='ltr'>a</span> <span class='ocrx_word' id='word_1_300' title='bbox 1324 3852 1402 3927; x_wconf 83' lang='lat' dir='ltr'>suis·</span> <span class='ocrx_word' id='word_1_301' title='bbox 1439 3934 1445 3943; x_wconf 55' lang='grc'><em>,</em></span> 
     </span>
     <span class='ocr_line' id='line_1_36' title="bbox 201 3938 1404 4043; baseline -0.002 -18"><span class='ocrx_word' id='word_1_302' title='bbox 201 3988 226 4025; x_wconf 75' lang='lat' dir='ltr'><em>n</em></span> <span class='ocrx_word' id='word_1_303' title='bbox 254 3942 566 4043; x_wconf 85' lang='lat' dir='ltr'>praedeceiloribus</span> <span class='ocrx_word' id='word_1_304' title='bbox 595 3938 753 4034; x_wconf 73' lang='lat' dir='ltr'>expresse</span> <span class='ocrx_word' id='word_1_305' title='bbox 782 3940 889 4016; x_wconf 87' lang='lat' dir='ltr'>fuerit</span> <span class='ocrx_word' id='word_1_306' title='bbox 921 3946 1156 4020; x_wconf 88' lang='lat' dir='ltr'>renuntiatum</span> <span class='ocrx_word' id='word_1_307' title='bbox 1168 4000 1190 4036; x_wconf 86' lang='lat'>,..</span> <span class='ocrx_word' id='word_1_308' title='bbox 1211 3943 1317 4041; x_wconf 87' lang='lat' dir='ltr'>iisque</span> <span class='ocrx_word' id='word_1_309' title='bbox 1349 3950 1404 4021; x_wconf 84' lang='lat' dir='ltr'>de·</span> 
     </span>
     <span class='ocr_line' id='line_1_37' title="bbox 199 4036 1402 4151; baseline 0.001 -31"><span class='ocrx_word' id='word_1_310' title='bbox 199 4082 230 4120; x_wconf 71' lang='grc' dir='ltr'><em>η</em></span> <span class='ocrx_word' id='word_1_311' title='bbox 252 4044 354 4119; x_wconf 88' lang='lat' dir='ltr'>rebus</span> <span class='ocrx_word' id='word_1_312' title='bbox 382 4042 441 4151; x_wconf 70' lang='lat' dir='ltr'>jus</span> <span class='ocrx_word' id='word_1_313' title='bbox 471 4036 569 4111; x_wconf 89' lang='lat' dir='ltr'>suurn</span> <span class='ocrx_word' id='word_1_314' title='bbox 598 4041 730 4135; x_wconf 85' lang='lat' dir='ltr'>poterit</span> <span class='ocrx_word' id='word_1_315' title='bbox 762 4036 934 4135; x_wconf 85' lang='lat' dir='ltr'>persequi.</span> <span class='ocrx_word' id='word_1_316' title='bbox 954 4042 1022 4117; x_wconf 76' lang='lat' dir='ltr'>viis</span> <span class='ocrx_word' id='word_1_317' title='bbox 1044 4042 1194 4139; x_wconf 78' lang='lat' dir='ltr'>pacifici</span> <span class='ocrx_word' id='word_1_318' title='bbox 1222 4042 1402 4138; x_wconf 63' lang='lat' dir='ltr'>justitiae„</span> 
     </span>
     <span class='ocr_line' id='line_1_38' title="bbox 198 4158 465 4219; baseline -0.015 -8"><span class='ocrx_word' id='word_1_319' title='bbox 198 4178 227 4219; x_wconf 72' lang='lat' dir='ltr'>n</span> <span class='ocrx_word' id='word_1_320' title='bbox 252 4160 324 4213; x_wconf 93' lang='lat' dir='ltr'>non</span> <span class='ocrx_word' id='word_1_321' title='bbox 351 4158 465 4211; x_wconf 77' lang='lat' dir='ltr'>armis</span> 
     </span>
    </p>

    <p class='ocr_par' dir='ltr' id='par_1_7' title="bbox 198 4225 1401 4503">
     <span class='ocr_line' id='line_1_39' title="bbox 252 4225 1399 4331; baseline 0 -20"><span class='ocrx_word' id='word_1_322' title='bbox 252 4275 277 4311; x_wconf 72' lang='lat' dir='ltr'>n</span> <span class='ocrx_word' id='word_1_323' title='bbox 303 4254 360 4309; x_wconf 81' lang='lat' dir='ltr'>aa.</span> <span class='ocrx_word' id='word_1_324' title='bbox 383 4230 433 4306; x_wconf 80' lang='lat' dir='ltr'>E‘t</span> <span class='ocrx_word' id='word_1_325' title='bbox 461 4233 544 4330; x_wconf 91' lang='lat' dir='ltr'>quia</span> <span class='ocrx_word' id='word_1_326' title='bbox 560 4230 579 4306; x_wconf 76' lang='lat' dir='ltr'>i</span> <span class='ocrx_word' id='word_1_327' title='bbox 595 4228 695 4308; x_wconf 78' lang='lat' dir='ltr'>diiiis</span> <span class='ocrx_word' id='word_1_328' title='bbox 715 4232 889 4327; x_wconf 86' lang='lat' dir='ltr'>deputatis</span> <span class='ocrx_word' id='word_1_329' title='bbox 912 4228 996 4307; x_wconf 75' lang='lat' dir='ltr'>dieti</span> <span class='ocrx_word' id='word_1_330' title='bbox 1016 4234 1162 4311; x_wconf 82' lang='lat' dir='ltr'>Domini</span> <span class='ocrx_word' id='word_1_331' title='bbox 1185 4232 1297 4331; x_wconf 77' lang='lat' dir='ltr'>Regis</span> <span class='ocrx_word' id='word_1_332' title='bbox 1323 4225 1399 4311; x_wconf 55' lang='lat' dir='ltr'>Car</span> 
     </span>
     <span class='ocr_line' id='line_1_40' title="bbox 198 4329 1401 4503; baseline -0.011 -90"><span class='ocrx_word' id='word_1_333' title='bbox 198 4370 232 4414; x_wconf 70' lang='lat' dir='ltr'><em>u</em></span> <span class='ocrx_word' id='word_1_334' title='bbox 252 4330 375 4409; x_wconf 78' lang='lat' dir='ltr'>thesei</span> <span class='ocrx_word' id='word_1_335' title='bbox 394 4332 627 4431; x_wconf 83' lang='lat' dir='ltr'>proponitur,</span> <span class='ocrx_word' id='word_1_336' title='bbox 652 4352 724 4430; x_wconf 91' lang='lat' dir='ltr'>quo</span> <span class='ocrx_word' id='word_1_337' title='bbox 741 4329 878 4503; x_wconf 53' lang='lat' dir='ltr'>&amp;iiiii</span> <span class='ocrx_word' id='word_1_338' title='bbox 893 4329 936 4501; x_wconf 56' lang='lat' dir='ltr'>iit</span> <span class='ocrx_word' id='word_1_339' title='bbox 958 4330 1060 4430; x_wconf 88' lang='lat' dir='ltr'>hujus</span> <span class='ocrx_word' id='word_1_340' title='bbox 1073 4334 1172 4431; x_wconf 86' lang='lat' dir='ltr'>pacis</span> <span class='ocrx_word' id='word_1_341' title='bbox 1189 4334 1401 4441; x_wconf 80' lang='lat' dir='ltr'>vinculum„</span> 
     </span>
    </p>

    <p class='ocr_par' dir='ltr' id='par_1_8' title="bbox 951 4445 1400 4521">
     <span class='ocr_line' id='line_1_41' title="bbox 951 4445 1400 4521; baseline 0.002 -13"><span class='ocrx_word' id='word_1_342' title='bbox 951 4449 982 4521; x_wconf 53' lang='grc' dir='ltr'>ἃ</span> <span class='ocrx_word' id='word_1_343' title='bbox 1239 4471 1270 4509; x_wconf 79' lang='lat' dir='ltr'>rr·</span> <span class='ocrx_word' id='word_1_344' title='bbox 1287 4445 1400 4501; x_wconf 67' lang='lat' dir='ltr'>sslffl‘</span> 
     </span>
    </p>
   </div>
   <div class='ocr_carea' id='block_1_3' title="bbox 0 0 1996 5167">
    <p class='ocr_par' dir='ltr' id='par_1_9' title="bbox 0 0 1996 5167">
     <span class='ocr_line' id='line_1_42' title="bbox 0 0 1996 5167; baseline 0 8"><span class='ocrx_word' id='word_1_345' title='bbox 0 0 1996 5167; x_wconf 95' lang='lat' dir='ltr'> </span> 
     </span>
    </p>
   </div>
  </div>
 </body>
</html>
