3984 5167
418 562 422 572 ξ
533 445 640 601 ‘350
691 464 1195 589 ·J.·u.nttnssts
1234 468 1631 566 COMMENT.
1753 592 1758 597 .

401 694 512 775 11579.
555 672 704 759 Albado,
726 670 748 713 ⁴*
762 667 812 747 „dt
846 667 917 741 duo
939 668 998 741 alii
1021 670 1066 762 i,
1098 669 1160 765 qui
1192 668 1344 763 agebant
1368 665 1559 755 Coloniae,
1591 663 1653 741 l'ed
1685 688 1754 749 non

554 774 605 850 ibi
626 769 822 863 comparuit
836 764 1012 839 Dominus
1030 768 1083 841 Dr
1099 770 1286 859 brotteptr·
1303 766 1420 841 incola
1438 763 1611 847 Arteliae,
1631 764 1683 851 ab
1706 788 1756 839 re

556 866 838 947 conciliationem
860 860 1088 957 singularem,
1107 864 1152 937 de
1177 884 1248 960 qua
1266 882 1351 937 tunc
1373 866 1543 959 temporie
1563 862 1658 935 inter
1682 885 1757 937 eam

551 964 784 1041 -Provinciam
814 956 1020 1056 &Regem
1055 958 1235 1057 agebatur.
1285 959 1613 1055 Exhibim-primia
1637 960 1759 1036 diebu·
1882 1009 1884 1026 .

550 1054 987 1145 Commiliariis'Caesaris,
1012 1060 1165 1154 partium
1182 1061 1460 1154 procurationes,
1475 1054 1758 1153 disputatumque
1883 1071 1884 1074 ’

556 1157 812 1256 aliquantulum
829 1153 933 1251 super
949 1156 1084 1252 aliquot
1100 1152 1423 1251 imperfediionibue
1448 1155 1486 1229 in
1510 1157 1759 1251 procuratione
1883 1145 1884 1168 ¹

550 1252 740 1335 ominum
754 1254 949 1330 contentio.
976 1251 1296 1350 conquerebantur
1314 1252 1395 1343 illi,
1418 1253 1515 1348 quod
1533 1253 1619 1325 dum
1637 1253 1690 1325 ibi
1711 1254 1759 1325 in·
1883 1281 1884 1320 l

457 1432 458 1435 ξ
558 1348 742 1449 figuirille
768 1372 963 1427 conventus
980 1346 1282 1435 ell'etinstitums,
1308 1370 1348 1425 ut
1366 1352 1412 1427 de
1434 1346 1619 1423 universali
1649 1347 1759 1445 Belgii

554 1470 651 1547 pace
665 1469 848 1545 ageretur,
872 1450 1006 1523 interea
1023 1447 1190 1539 temporit
1214 1445 1384 1543 Princeps
1404 1442 1583 1538 Parmenfit
1609 1449 1759 1542 peculia·

450 1558 463 1573 “
553 1546 887 1642 rumquarumdam
907 1540 1173 1618 Provinciarnm
1198 1567 1409 1620 conventum
1434 1546 1633 1618 moliretur:
1658 1543 1759 1617 faeta·
1882 1594 1884 1598 «

557 1664 631 1741 que
640 1661 819 1740 praeterea
829 1642 945 1737 aliqua
961 1642 1094 1714 mentio
1112 1640 1353 1732 induciarum,
1376 1638 1437 1715 sed
1453 1637 1629 1715 incallum.
1654 1638 1761 1714 Cium·

522 1802 524 1805 .
553 1761 632 1838 que
650 1740 759 1821 ⁴etiam
783 1734 867 1813 ell'et
886 1734 1119 1833 disputatum,
1143 1758 1221 1813 utra
1229 1740 1391 1851 partium
1407 1734 1584 1834 priorsua
1597 1740 1761 1814 mandata

458 1890 461 1895 ι
556 1852 801 2007 proponeret,
827 1834 966 1913 tandem
991 1833 1122 1933 Legati
1144 1834 1323 1913 Ordrnum
1340 1833 1556 1934 proposuere
1581 1836 1660 1909 baec
1679 1856 1762 1933 quae

552 1968 555 1977 ’
621 1953 759 2009 uunmr.

574 1956 635 2111 eq„
661 2026 792 2105 XLIV.
818 2026 1036 2105 Conceditur
1053 2022 1228 2129 utrimque
1249 2050 1421 2129 perpetua
1444 2027 1581 2104 oblivio
1606 2029 1761 2103 omnium

557 2168 587 2207 ,η
613 2148 734 2203 eorum
774 2150 854 2223 quae
884 2126 960 2213 afta
992 2124 1120 2220 sunta
1155 2150 1317 2224 tempore
1352 2128 1545 2224 primorum
1582 2146 1760 2212 mommo,

559 2264 588 2303 ι,
614 2223 653 2299 dt
670 2224 774 2299 causi
789 2248 930 2313 eorum,
955 2244 1178 2321 quocumque
1197 2226 1281 2300 loco
1300 2225 1338 2299 bt
1353 2225 1479 2307 modo,
1507 2245 1576 2297 tam
1596 2225 1763 2319 generali·

562 2364 586 2399 η
612 2341 665 2398 ter
688 2343 793 2418 quam
817 2321 1097 2419 particulariter,
1122 2324 1172 2396 ita
1194 2343 1378 2398 uteorum
1409 2322 1504 2394 nulla
1527 2323 1675 2415 amplius
1700 2318 1764 2393 fiat

564 2462 587 2497 n
613 2421 766 2505 mentio,
793 2418 1043 2515 exprobratio,
1067 2439 1129 2495 aut
1156 2418 1364 2515 inquilitio,
1389 2420 1500 2493 veluti
1526 2415 1551 2490 st
1574 2440 1765 2513 numquam

562 2558 586 2595 n
612 2540 652 2591 ea
667 2510 876 2591 accidill'ent.
1229 2515 1231 2518 ’

521 2634 522 2639 ’
613 2656 636 2691 η
662 2609 776 2686 XLV.
803 2606 882 2687 Rex
898 2608 1105 2687 Catholicut
1125 2609 1267 2687 habebit
1287 2633 1400 2685 ratum
1425 2635 1467 2685 ac
1488 2611 1767 2709 gratum,·quid·

565 2751 588 2786 η
614 2708 699 2805 quid
716 2707 867 2790 fastum,
884 2710 1109 2782 contraitum
1128 2762 1138 2795 ,
1167 2708 1419 2793 constitutum,
1443 2708 1653 2797 decretum,
1680 2733 1767 2782 con·

564 2847 588 2883 η
614 2804 769 2892 clusum,
794 2801 1408 2901 definitum,provisum,collatum‚
1428 2821 1488 2877 aut
1502 2810 1766 2903 quoquomodo
1851 2809 1856 2821 “

564 2942 588 2979 η
614 2903 726 2974 eitum
741 2900 788 2973 est
805 2923 870 2997 pet
889 2900 1142 2977 Sereniffimurn
1159 2900 1352 2975 Dominum
1367 2901 1603 2975 Archiducem
1617 2901 1767 2975 Austriae

564 3039 589 3074 n
615 2998 814 3085 Mottbiom,
840 2994 1032 3070 Confilium
1042 2996 1177 3085 Status,
1192 2996 1413 3093 Ordinesque
1426 2998 1620 3073 Generales
1632 3023 1673 3072 ac
1685 2996 1768 3071 Par·

564 3135 588 3173 o
614 3096 796 3182 titularet,
821 3112 891 3166 tam
903 3117 983 3192 quae
995 3114 1219 3168 concernunt
1237 3117 1290 3169 res
1305 3094 1451 3168 Bellicus
1466 3118 1571 3189 atque
1588 3096 1770 3168 Politicas.

386 3204 508 3284 turgt:
614 3234 637 3269 ‚‚
662 3188 795 3265 XLVI.
821 3186 899 3262 Rex
923 3187 1103 3287 permittet
1128 3191 1147 3231 *
1172 3213 1248 3265 rata
1268 3190 1394 3264 babere
1409 3192 1455 3266 tit
1472 3214 1591 3265 tenore
1617 3192 1770 3287 praesen·

392 3291 514 3381 91011115·
566 3329 589 3366 η
615 3288 701 3364 tium
710 3309 787 3361 tata
803 3286 970 3374 habebit,
996 3284 1771 3380 nonmodoomniaprivilegiaJum.Usus,

385 3374 448 3428 '‘²‘'
531 3460 533 3463 ,
565 3426 589 3465 o
614 3382 839 3481 antiquasque
859 3381 1157 3471 eonsuetudines,
1177 3378 1423 3478 cujuscumque
1434 3384 1650 3472 Provincia,
1669 3384 1773 3456 Civi-

563 3522 589 3561 n
615 3483 719 3571 tatia,
744 3504 785 3555 ac
812 3480 1004 3568 territorii,
1029 3504 1152 3556 vetum
1178 3486 1282 3556 etiam
1300 3481 1494 3555 consentiet
1510 3507 1553 3555 ac
1576 3484 1769 3569 concedet,

1620 3627 1648 3669 „
1671 3577 1772 3674 quod

605 3688 626 3732 ¹¹
645 3684 1064 3841 Friso,ss1urisconlultus
1093 3690 1264 3769 eximius,
1295 3666 1396 3759 antea
1417 3690 1575 3759 Gamerae
1605 3693 1775 3791 Imperia·

565 3775 606 3843 lis
624 3772 735 3858 Spirae
763 3794 782 3842 a
810 3774 916 3853 ellor,
940 3772 1037 3859 Vtglit
1057 3773 1094 3842 dt
1120 3774 1259 3861 Happeri
1280 3774 1406 3854 affinis,
1436 3778 1494 3859 qui
1515 3778 1675 3845 Coloniae
1696 3796 1774 3865 pru

564 3872 667 3927 vatus
695 3858 804 3938 vixit,
825 3860 983 3947 religioni
1037 3858 1410 3929 raetense-reformatae
1429 3860 1594 3929 addictus.

583 3944 626 4039 ·†
648 3943 724 4011 Hos
745 3944 823 4011 ulios
840 3944 912 4011 duos
927 3876 1050 4012 nulliii
1069 3942 1200 4012 offendi
1207 3992 1222 4025 .,
1245 3944 1304 4013 nist
1321 3945 1599 4013 adnumerandus
1612 3946 1653 4013 stt
1669 3946 1776 4014 Nun-

567 4039 634 4095 ttue
662 4024 696 4095 A
722 4031 882 4134 oitoliem
910 4028 962 4127 ill,
991 4027 1164 4131 crumpat
1177 4074 1192 4124 ,
1216 4029 1509 4115 archiepiscopus
1539 4030 1777 4128 Rolsanenbs,

560 4124 679 4269 τε,
699 4112 1779 4287 τετεττττςετεςξττ,τετεττς
1883 4193 1884 4238 »

562 4278 632 4349 tbtae
649 4276 859 4357 Arcbldueir
871 4303 912 4357 ae
926 4282 1121 4368 Ordinem,
1144 4281 1300 4375 Jtannem
1315 4304 1385 4359 uun
1402 4284 1521 4373 Keffel,
1543 4285 1779 4359 scoretal-ina.
