3984 5167
417 450 1277 606 urnanocrnvus.
1397 516 1540 623 sto·

266 744 291 779 n
315 700 420 784 ratis,
445 724 534 777 neve
554 702 655 775 diciae
670 698 761 785 ,filiae
779 696 905 774 nollrae
927 698 1062 780 media,
1088 696 1246 771 maximis
1275 701 1349 791 ejus
1369 701 1470 773 meri·
1514 704 1624 795 1598.

267 840 292 875 η
316 801 382 884 tia,
393 797 648 893 virtutibusque
662 798 839 895 condigna
856 795 984 879 desint,
1001 795 1044 867 ad
1056 791 1357 868 demonstrandam
1366 799 1470 870 etiam

267 934 298 985 η,
315 916 359 969 ex
376 895 492 967 nostrai
509 916 608 989 parte
627 894 833 988 fingularem
850 894 1154 978 benevolentiam,
1179 909 1285 986 atque
1296 914 1471 979 amorem,

267 1030 291 1067 n
316 1012 387 1084 quo
407 990 541 1085 semper
559 988 688 1063 dicium
713 989 863 1065 nostram
885 986 1091 1063 inferiorem
1112 984 1358 1073 Germaniam,
1384 985 1470 1059 Bur·

265 1127 290 1163 n
313 1088 548 1183 gundiamque
563 1087 739 1181 prosecuti
757 1086 889 1170 sumus,
918 1086 955 1161 bc
975 1085 1093 1158 adbuc
1114 1082 1376 1179 prosequimur,
1403 1084 1465 1157 de·
1541 1144 1546 1152 .
1612 1150 1616 1159 .

266 1223 289 1259 n
315 1184 486 1258 crevimus
524 1182 560 1253 iu
604 1184 706 1279 hujus
741 1182 967 1256 Matrimonii
1002 1179 1243 1267 beneficium,
1279 1180 1469 1253 donatione

267 1318 291 1356 η
317 1279 545 1353 transcribere
571 1276 673 1350 diste
699 1279 824 1353 nostrae
854 1277 959 1366 filiae,
993 1275 1102 1351 diblaa
1135 1276 1267 1350 nostras
1293 1275 1470 1351 inferioris

266 1416 291 1451 n
317 1373 522 1447 Germaniae
540 1373 768 1459 Prouincias,
792 1396 870 1450 cum
892 1376 1078 1472 omnibua,
1104 1394 1183 1469 quae
1201 1374 1243 1447 de
1273 1377 1314 1446 iis
1339 1376 1469 1469 depen·
1570 1378 1579 1389 “
1659 1388 1666 1415 ¹

265 1511 289 1547 η
315 1472 421 1557 dent,
443 1471 548 1568 iisque
572 1471 855 1556 conditionibus,
881 1494 959 1565 quae
977 1470 1155 1567 speciatim
1178 1468 1267 1541 iufra
1286 1468 1467 1566 subjicien-

265 1608 289 1643 n
315 1587 395 1655 tur,
420 1591 530 1663 eaque
558 1570 675 1641 omnia
699 1569 956 1654 intercessione,
987 1570 1192 1649 voluntate,
1225 1588 1267 1639 ac
1301 1566 1466 1641 consensu

266 1704 289 1741 η
315 1660 507 1737 Chariffimi
533 1662 640 1738 nostri
667 1664 956 1760 Dilestiffimique
978 1664 1089 1751 Filii,
1122 1663 1296 1757 Principis
1330 1663 1469 1755 Philippi

265 1800 295 1835 n
313 1762 408 1833 unici
425 1760 530 1833 nostri
547 1762 714 1850 haeredis,
747 1764 953 1835 certioribus
979 1764 1084 1834 etiam
1113 1761 1156 1834 ei
1180 1760 1283 1833 dere
1312 1759 1465 1833 redditir
1491 1776 1501 1797 ⁸

267 1898 294 1934 n
315 1879 383 2025 per
400 1879 483 1943 nos,
496 1858 713 1953 eundemque
731 1856 886 1933 nostrum
901 1856 1030 1943 lilium,
1050 1858 1238 1952 precipuis
1252 1852 1440 1930 Procerum
1452 1908 1469 1943 ,

189 2038 202 2047 ‚
236 1992 291 2047 ‚n
350 1952 555 2047 quicumque
571 1952 679 2027 nostri
701 1952 870 2041 Ordinis,
894 1954 1101 2039 Senatibua,
1125 1951 1350 2047 Statibusque
1374 1948 1467 2025 infe·

267 2090 294 2126 n
316 2050 417 2121 rioris
444 2051 569 2123 nostrae
596 2052 823 2141 Germaniae,
849 2072 891 2125 ac
914 2048 1126 2145 Burgundiae
1160 2048 1379 2135 Comitatus,
1405 2049 1470 2143 qui

265 2186 288 2223 n
314 2167 435 2219 omnes
450 2145 516 2218 suis
534 2150 658 2221 litteris
675 2150 911 2236 declararunt,
935 2145 1118 2241 testatique
1136 2143 1232 2232 sont,
1246 2143 1411 2219 summam
1426 2141 1469 2217 in

268 2280 292 2319 a
315 2240 349 2313 se
373 2243 612 2337 voluptatem,
635 2266 679 2315 er
696 2264 765 2317 tam
784 2244 936 2339 benigna
965 2244 1080 2317 nostri
1103 2246 1306 2327 voluntate,
1330 2262 1467 2337 propo-

265 2379 289 2415 „
315 2334 449 2431 firoque
465 2360 614 2432 capere,
638 2360 744 2434 quam
761 2362 893 2414 certam
916 2337 1044 2422 sciunt,
1071 2363 1117 2413 ac
1133 2338 1351 2431 confitentur
1370 2339 1469 2431 quic·

266 2476 291 2511 η
316 2455 410 2519 tem,
434 2436 789 2603 tranquillitatemque
812 2434 986 2509 inferioris
1010 2436 1137 2509 nostrae¹
1165 2432 1363 2509 Germania
1382 2456 1467 2529 pro·

265 2570 288 2609 n
313 2532 469 2618 mittere,
493 2554 720 2627 verumquee
748 2557 767 2604 e
790 2534 932 2607 modum
947 2534 1070 2619 bonae,
1096 2531 1284 2627 solidaeque
1301 2531 1397 2625 pacit
1413 2532 1466 2601 in·

265 2668 295 2703 η.
314 2628 458 2714 eundae,
496 2624 689 2724 Patriaeque
724 2629 743 2699 ὲ
775 2648 843 2701 tam
873 2631 1036 2714 molesto,
1069 2631 1336 2723 longinquoque
1373 2627 1469 2699 bello

264 2765 289 2801 n
315 2722 526 2803 liberandae,
568 2748 672 2819 quam
703 2726 1011 2821 tranquillitatem,
1042 2748 1238 2820 pacemque
1272 2724 1397 2795 mirum
1427 2722 1469 2795 in

265 2862 291 2896 n
314 2822 457 2892 modum
475 2821 543 2891 illis
558 2820 694 2916 semper
709 2824 974 2915 exoptavimus5
991 2822 1109 2895 habita
1124 2826 1227 2894 etiarn
1250 2820 1383 2893 ratione
1402 2842 1464 2913 pa-

263 2958 287 2990 „
313 2916 379 2987 lam
398 2916 559 2988 omnibus
586 2920 691 3003 notai,
716 2920 809 2991 nihil·
822 2917 1016 3013 quibusque
1033 2920 1232 3013 regionibus
1255 2939 1295 2989 ac
1315 2916 1469 2989 Provin-

263 3054 287 3088 η
313 3013 373 3085 ciis
393 3032 463 3085 tam
484 3010 550 3086 esse
567 3016 742 3107 optabile,
754 3018 856 3109 quam
874 3014 1080 3098 bDomino,
1093 3038 1134 3088 ac
1146 3014 1310 3107 Principe
1326 3011 1388 3084 suo
1405 3035 1468 3085 na.

265 3149 289 3185 η
314 3110 435 3196 rurali,
451 3132 556 3204 quern
571 3110 794 3203 praesentem,
819 3134 944 3205 atquc,
960 3134 1000 3184 ut
1015 3114 1063 3185 ita
1076 3114 1188 3184 dicam
1200 3164 1209 3197 ,
1223 3113 1258 3182 in
1273 3109 1470 3203 conspecto

263 3248 293 3283 n
310 3202 445 3299 semper
468 3206 619 3288 habent,
645 3210 744 3302 regi,
772 3231 812 3281 ac
830 3208 1026 3304 gubernari.
1078 3206 1226 3280 Denn-
1254 3202 1361 3276 testor
1388 3226 1468 3275 non·

262 3343 284 3378 n
310 3324 431 3395 parum
448 3304 596 3375 animum
628 3299 799 3393 afflixisse,
825 3306 920 3398 quod
949 3302 1021 3397 ipse
1044 3306 1092 3377 eb
1113 3326 1184 3375 noe
1204 3299 1364 3374 conserte
1385 3322 1465 3370 non-

262 3440 285 3476 „
310 3400 548 3491 potuerimus,
574 3402 626 3470 uti
642 3420 761 3473 revera
787 3404 972 3473 maximum
993 3402 1065 3494 ejus
1084 3402 1135 3473 rei
1149 3398 1358 3493 exequenda
1375 3394 1465 3467 dest·

191 3538 196 3544 ·
261 3538 283 3571 n
310 3496 442 3566 derium
463 3518 526 3566 nos
549 3498 681 3585 tenuit,
707 3499 741 3569 ni
767 3499 833 3568 alia
857 3499 1037 3591 urgentia,
1061 3498 1268 3587 maximique
1292 3495 1464 3565 momenti·

262 3632 286 3667 n
311 3590 514 3685 Regnorum
531 3590 922 3687 nostrornn'l-lispania
949 3595 1094 3688 negotia.
1110 3587 1360 3685 impediilsent,
1384 3609 1458 3681 quo

260 3725 283 3764 n
309 3690 419 3761 minus
441 3689 541 3769 nobis
561 3690 700 3762 licuerit
719 3688 833 3763 sedern
850 3710 1003 3772 mutare,
1028 3688 1086 3760 sed
1109 3686 1132 3759 ὲ
1161 3686 1352 3760 contra-ibi
1371 3706 1464 3755 con·

259 3826 283 3861 2,
310 3785 407 3855 tinuo
421 3785 569 3867 morari,
593 3782 776 3879 sedemque
792 3784 1090 3880 figere,necalit⁸r
1115 3782 1307 3865 discedere,
1329 3782 1382 3853 uti
1397 3780 1467 3852 ad*

261 3922 283 3955 η
309 3881 462 3950 hucdum
482 3880 601 3950 eadem
628 3880 686 3952 illa
710 3885 834 3975 gravia
858 3884 1002 3976 negotia
1018 3880 1194 3967 detinent,
1219 3882 1321 3952 etiam
1340 3898 1460 3971 quam-

261 3972 284 4053 ,ἑ
309 3977 364 4047 vis
386 3974 472 4047 diali
489 3972 635 4047 Domini
668 3978 776 4049 nostri
796 3978 859 4050 filii
880 3975 1052 4073 Principis
1064 4027 1076 4061 ,
1100 3997 1184 4047 aetas
1204 3976 1313 4069 magia
1334 3976 1468 4045 idonea·

261 4114 285 4149 „
310 4072 492 4157 videatur,
528 4096 633 4165 quam
658 4072 773 4146 nostra
808 4075 852 4146 ad
877 4078 1041 4147 itinerum
1071 4074 1209 4144 labores
1238 4072 1468 4151 tolerandos,

257 4211 282 4244 υ
308 4189 391 4239 cum
418 4186 534 4239 tamen
569 4167 674 4241 Duo
699 4192 753 4243 ter
780 4173 917 4263 optimo
946 4172 1101 4241 maximo
1128 4166 1199 4239 visa
1228 4167 1333 4241 suerit
1357 4164 1468 4237 nobie

256 4307 280 4341 υ
305 4280 386 4348 tot,
411 4281 658 4361 tantorumque
686 4266 911 4361 Regnorum,
936 4264 1274 4357 provinciarumque
1289 4259 1467 4335 Dominio

255 4404 283 4439 υ
305 4356 465 4433 conferre
478 4410 497 4447 ,
516 4362 641 4455 quibus
670 4362 896 4457 regendicob
921 4366 1039 4445 varia,
1062 4362 1282 4453 maximaque
1318 4358 1466 4449 negotia

106 4532 107 4537 ,
255 4500 279 4535 u
304 4464 471 4551 perquam
499 4454 683 4529 necessaria
709 4462 774 4533 erit
809 4458 881 4553 ejus
914 4456 1116 4553 prasentia,
1150 4457 1319 4552 expedire
1351 4452 1462 4525 nobie

253 4596 286 4659 ῃ.
301 4550 414 4629 visum
441 4550 511 4651 eli,
536 4553 627 4631 hanc
654 4554 798 4635 instituti
819 4552 940 4727 Bpoliri
967 4552 1180 4630 sentennaco
1199 4549 1472 4727 prosequipnppplt

106 4661 107 4687 ¹
862 4672 1012 4749 02³3
1317 4687 1342 4727 n
