3984 5167
565 524 653 637 '380
708 524 745 636 J.
773 520 819 613 B.
848 543 921 613 nu
959 514 1208 615 TASSIS
1249 513 1645 615 COMMENT.

427 744 531 821 1579.
619 763 642 798 ‚‚
668 714 816 792 CLVII.
842 714 1020 801 Subditis,
1046 714 1161 811 quiin
1185 713 1324 807 reliquis
1346 712 1542 788 Provinciis
1567 714 1629 789 Bel
1658 712 1760 795 icitia

570 857 594 895 n
618 819 684 890 hac
703 815 906 888 trasiatione
928 808 1207 907 comprehensa,
1228 813 1248 883 a
1266 809 1452 883 Catholica‘
1469 814 1626 883 Romana
1677 816 1762 886 ccle-

571 954 593 991 ‚‚
619 910 664 983 sta
683 908 906 993 recesserunt,
933 910 1013 981 Rex
1037 908 1241 981 Cathollcus
1263 908 1306 979 ad
1332 905 1539 1002 praesentem
1558 906 1675 1001 Belgii
1693 909 1763 983 Sta·

569 1042 592 1085 s>
618 1026 698 1093 turn,
711 1005 910 1101 respiciens,
914 1028 987 1172 per
1005 1000 1154 1099 Regium
1173 1002 1269 1075 suum
1281 1000 1558 1076 commissarium
1570 1004 1762 1094 concedet,

570 1145 593 1180 n
618 1125 658 1178 ut
673 1103 714 1177 iis
736 1105 837 1176 liceat
859 1104 894 1173 in
944 1101 1108 1173 rovinciis
1133 1098 1202 1171 illis
1222 1097 1293 1171 fine
1325 1102 1442 1192 aliqua
1467 1102 1684 1175 co'e‘rcitione
1708 1122 1762 1174 aut

569 1237 593 1275 n
618 1199 790 1281 molestia,
815 1194 995 1271 occasione
1013 1196 1223 1269 placitorum
1233 1195 1428 1291 Religionis
1448 1219 1491 1268 eo
1503 1195 1610 1290 usque
1630 1194 1762 1291 suspen·

571 1337 595 1373 η
621 1295 812 1368 deudorum
832 1295 980 1387 degere,
1008 1289 1223 1378 &manem
1248 1292 1363 1364 donec
1378 1289 1707 1364 conlilioOrdinum
1721 1296 1763 1363 le·

571 1433 595 1467 υ
621 1388 742 1485 gitime
769 1412 810 1463 ac
832 1384 952 1463 debite
982 1387 1018 1459 in
1040 1389 1122 1463 loco
1146 1409 1251 1473 tuto,
1284 1387 1345 1459 ubi
1372 1384 1534 1483 suffragia
1563 1388 1674 1459 libera
1703 1384 1764 1461 else

455 1555 459 1565 .
572 1528 596 1563 n
622 1504 778 1580 queant,
811 1508 874 1580 per
899 1484 1032 1578 Regem
1056 1486 1117 1557 vel
1146 1488 1218 1577 ejus
1247 1480 1531 1555 Gubernatorem
1556 1484 1763 1556 Generalem

572 1624 596 1659 n
622 1582 972 1677 congregandorum,
989 1578 1088 1654 aliter
1103 1576 1303 1673 dispositum
1320 1578 1425 1651 fuerit
1436 1578 1539 1677 super
1551 1579 1762 1653 placitorum

572 1720 596 1755 η
623 1678 871 1767 moderatione,
882 1673 1024 1770 proviso
1045 1695 1183 1758 tamen,
1208 1678 1303 1767 quocl
1329 1678 1459 1748 interea
1481 1677 1649 1770 temporis
1676 1676 1762 1769 ejus·

572 1816 596 1851 υ
621 1774 716 1845 modi
739 1770 900 1845 subditia
924 1770 1092 1844 scandalis
1119 1768 1161 1845 ac'
1180 1794 1296 1842 rerum
1317 1772 1650 1866 perturbatione,ac
1664 1772 1762 1845 omni

571 1911 596 1946 n
622 1868 683 1943 usu
698 1869 736 1943 &
754 1868 921 1941 exercitio
940 1869 1080 1939 alterius
1097 1888 1200 1962 quam
1219 1866 1414 1941 Catholicae
1431 1868 1600 1940 Romanae
1610 1868 1762 1959 Religio·

572 2006 597 2041 n
622 1966 694 2049 nis,
719 1962 859 2060 prorsus
876 1962 1086 2046 abstineant,
1112 1963 1306 2037 &interim
1331 1968 1433 2037 etiam
1451 1963 1628 2038 liberrime
1649 1962 1762 2035 lunen·

573 2102 597 2139 n
623 2084 679 2135 tur
699 2062 858 2133 omnibus
876 2057 943 2131 suis
966 2058 1067 2132 bonis
1084 2079 1152 2131 tarn
1174 2058 1361 2133 mobilibus
1378 2084 1482 2157 quam
1509 2058 1760 2146 immobilibus,

573 2200 597 2234 η
618 2156 777 2253 juribus,
799 2154 1080 2249 astionibusque,
1105 2156 1143 2230 δι
1170 2176 1334 2249 poterunt
1354 2179 1394 2228 ea
1422 2155 1529 2251 ipsa,
1553 2157 1762 2252 qualiacum-

571 2295 597 2329 η
623 2278 690 2349 que
711 2252 866 2335 luerint,
892 2254 994 2326 etiam
1016 2254 1084 2323 alio
1104 2250 1290 2324 transferre
1306 2252 1522 2326 seuvendere
1540 2275 1600 2326 aut
1618 2254 1760 2325 alienare

573 2390 597 2427 v
623 2364 728 2447 prout
745 2349 787 2420 iis
808 2350 1004 2431 videbitur,
1032 2345 1068 2418 &
1090 2348 1359 2443 quatenusbona
1377 2346 1435 2421 sua
1454 2350 1603 2423 retinere
1625 2351 1762 2436 malint,

573 2486 598 2522 n
623 2465 790 2543 poterunt
806 2446 909 2516 etiam
929 2440 1112 2531 absentes,
1140 2446 1184 2516 ad
1214 2446 1412 2518 eorumdem
1433 2446 1606 2517 bonorum
1624 2445 1763 2518 admini-

470 2624 473 2631 ,
572 2580 598 2619 n
624 2544 824 2615 strationem
838 2542 877 2614 &
891 2542 1148 2633 receptionem,
1172 2542 1208 2612 in
1228 2536 1422 2613 Provinciis
1441 2539 1503 2613 srbi
1521 2546 1650 2637 eligere
1673 2561 1764 2637 quae·

574 2678 598 2715 υ
619 2638 963 2731 ,ίὶοτεεῦαῑὴοϋεοὴ
987 2635 1221 2730 quoscumque
1248 2637 1379 2710 volent.
1426 2636 1597 2713 Praeterea
1621 2633 1766 2733 quoties·

573 2776 599 2811 n
624 2756 773 2830 cumque
794 2734 971 2805 voluerint
1003 2733 1046 2803 ad
1072 2728 1275 2827 Provincias
1304 2733 1428 2806 iterum
1452 2734 1562 2807 redire
1588 2786 1600 2821 ,
1639 2734 1762 2807 visturl

574 2871 599 2906 η
625 2854 740 2907 tamen
763 2826 947 2907 catholice
972 2826 1078 2923 iisque
1103 2828 1227 2900 ritibus
1256 2850 1297 2900 ac
1313 2830 1467 2903 moribus
1485 2854 1576 2925 quos
1604 2828 1763 2927 personas

574 2964 600 2999 n
627 2924 827 2999 Catholicae
859 2924 988 3009 decet,
1030 2925 1164 3017 eritque
1196 2924 1363 3018 ejusmodi
1389 2926 1516 2997 reditus
1550 2932 1586 3002 δι
1618 2927 1763 3000 facultas

578 3060 602 3095 ‚s
626 3024 718 3095 bona
744 3019 997 3091 administrandi
1021 3018 1157 3112 perse,
1182 3020 1325 3090 cuilibet
1351 3021 1444 3093 bona
1474 3020 1544 3094 lide
1563 3020 1762 3119 permissus,

526 3130 531 3147 ‘
579 3157 603 3190 n
628 3118 806 3211 statimque
843 3111 1071 3201 Pastotibus,
1106 3111 1280 3187 Officiatis
1315 3116 1352 3187 &
1388 3117 1643 3210 Magistratibus
1672 3122 1765 3192 loco·

579 3254 603 3289 n
629 3237 704 3287 rum
735 3212 778 3285 ad
806 3232 885 3306 quae
909 3210 1021 3283 redire
1048 3211 1222 3305 cupient,
1255 3210 1331 3285 talis
1363 3215 1512 3287 intentio
1537 3238 1579 3289 ac
1606 3213 1766 3290 voluntas

580 3350 604 3385 υ
631 3308 818 3406 significata
849 3306 924 3381 suit.
1405 3352 1408 3357 -

631 3449 654 3484 s,
680 3403 848 3479 CLVllI.
875 3402 931 3477 Ex
951 3400 1020 3499 qui
1037 3400 1178 3495 quidem
1190 3400 1317 3499 Regali
1333 3406 1569 3501 indulgentia„
1591 3409 1677 3481 nulli
1697 3429 1768 3481 non

577 3520 605 3577 'u
630 3524 799 3597 perquam
834 3497 1051 3572 manifestum
1081 3502 1238 3573 redditur
1262 3552 1274 3584 ,
1309 3497 1411 3598 'quod
1437 3501 1515 3576 Rex
1538 3506 1625 3576 nihil
1656 3506 1768 3578 minus

581 3638 605 3673 n
631 3620 733 3691 quam
751 3596 923 3668 bonorum
941 3595 1223 3683 confiscationes,
1249 3599 1404 3683 ruinam,
1430 3624 1471 3673 ac
1485 3602 1673 3695 perniciem
1692 3600 1769 3676 suo·

582 3735 606 3770 υ
632 3717 706 3767 rum
721 3690 934 3765 subditorum
952 3713 1117 3859 appetat,
1142 3716 1207 3767 nec
1231 3696 1334 3767 etiam
1357 3696 1454 3788 quod
1478 3698 1593 3791 rigore
1619 3694 1772 3795 superio·

582 3832 606 3866 ‚s
632 3812 708 3862 rum
726 3790 931 3885 placitorum
954 3792 990 3882 ip
1007 3812 1046 3861 os
1063 3786 1293 3883 perstringere
1317 3791 1550 3880 constituerit,
1571 3816 1652 3876 cum
1672 3816 1775 3887 para·

583 3927 607 3961 n
633 3886 771 3959 tissimus
805 3886 909 3959 etiam
933 3882 1034 3957 snea
1061 3884 1134 3978 ipsa
1159 3883 1287 3959 Placita
1310 3908 1390 3959 cum
1423 3888 1565 3962 consilio
1594 3888 1774 3963 Ordinum

583 4022 608 4056 ‚2
635 3982 795 4055 Statuam
813 4003 1051 4078 competenter
1069 4002 1265 4075 temperare
1293 4006 1334 4055 ac
1361 3984 1556 4073 moderari,
1585 3988 1774 4079 omniaque

584 4114 609 4149 v
634 4076 774 4164 lacere,
799 4102 879 4171 quae
904 4079 947 4152 ad
968 4078 1037 4151 Dei
1065 4079 1195 4173 optimi
1226 4075 1367 4151 maximi
1394 4084 1547 4165 cultum,
1574 4078 1777 4155 Provincia·

583 4210 609 4246 η
635 4193 781 4266 rumque
795 4176 946 4269 quietem
964 4199 1006 4249 ac
1021 4175 1307 4267 tranquillitatem
1317 4180 1503 4271 pertinent,
1515 4180 1554 4255 &
1564 4179 1778 4270 benignum,

584 4308 610 4343 n
635 4268 946 4357 clementissimum,
971 4269 1274 4365 christianumque
1288 4271 1488 4369 Principem
1501 4276 1638 4350 decent.
1649 4276 1670 4309 ’²

634 4360 763 4450 cultu
788 4368 846 4441 Ad
861 4368 926 4443 hos
948 4363 1116 4443 secundos
1127 4366 1273 4446 Caesaris
1282 4368 1600 4457 commissariorum
1616 4371 1783 4477 mutulos
1872 4423 1873 4460 ,

1662 4483 1790 4542 ultius
1871 4475 1873 4528 i
