3984 5167
294 621 308 665 ,
419 545 710 644 ursan
769 547 1228 648 amarius.
1345 581 1428 674 ιο]

232 733 374 822 fidentia
398 742 611 843 persuasere,
636 743 795 839 periculo
819 739 970 817 Patriam
992 743 1111 817 saltem
1132 765 1215 818 tunc
1235 743 1426 822 liberatam.
1474 755 1575 842 1576.

280 845 342 916 XI.
368 844 433 916 Sed
453 841 578 916 etiamsi
598 844 673 915 haec
698 843 814 912 omnia
830 843 878 912 ita
897 839 932 913 se
954 841 1141 927 haberent,
1167 862 1278 914 tamen
1301 847 1425 920 nihilo·

232 939 348 1012 minus
376 938 529 1010 Ordines
558 936 752 1008 Braban'tiae
779 934 1070 1030 conscriptionem
1089 939 1272 1031 equitum,
1299 961 1338 1010 ac
1360 963 1424 1034 pe·

231 1034 341 1107 ditum
360 1031 421 1106 srbi
437 1029 650 1126 permissam,
674 1053 840 1125 quantum
859 1031 934 1104 sieri
951 1033 1070 1129 potuit
1096 1033 1347 1105 accelerarunt:
1373 1059 1425 1108 ut-

230 1153 298 1224 que
322 1128 384 1199 suo
407 1149 561 1224 tempore
590 1130 710 1200 melius
736 1127 779 1198 ad
804 1125 1272 1221 effeelunpraeneditatun
1290 1126 1424 1203 facinus

230 1225 311 1298 duci
331 1222 473 1318 possets
486 1221 655 1303 effecere,
681 1243 721 1293 ut
740 1225 775 1292 in
794 1222 866 1316 ipsa
881 1225 1024 1296 civitate
1039 1219 1254 1297 Bruxellensr
1264 1224 1426 1318 peditum
1512 1286 1515 1295 .

228 1341 310 1414 pars
327 1321 572 1403 collocaretur,
581 1319 699 1412 ibique
717 1315 927 1410 subsisteret:
952 1321 1067 1392 donec
1078 1318 1114 1390 δι
1135 1321 1217 1392 alibi
1233 1340 1303 1390 non
1319 1322 1423 1417 longe

229 1435 343 1489 tamen
362 1415 405 1486 ab
422 1416 509 1485 urbe
528 1415 633 1484 variis
652 1417 687 1484 in
706 1410 790 1484 locis
809 1411 961 1484 colledlie
986 1413 1127 1506 reliquis
1149 1439 1192 1488 eo
1210 1414 1424 1491 excresceret

228 1531 416 1592 numerus,
442 1529 481 1580 ut
498 1508 569 1600 jam
593 1507 776 1602 componi,
800 1509 979 1602 redigique
1006 1506 1069 1578 sub
1091 1506 1186 1602 figna
1201 1507 1312 1602 pollet
1335 1515 1423 1585 inte·

229 1628 295 1700 gra
314 1607 420 1700 legio.
461 1605 623 1696 Elegerat
640 1599 843 1694 srbiHctfius
860 1603 1028 1676 inlocum
1051 1622 1225 1675 tenentem
1246 1605 1426 1678 Dominum·

228 1703 268 1772 dr
284 1699 400 1771 Glimes
419 1719 581 1794 magnum
596 1698 783 1794 Bayllyum
801 1697 999 1770 Brabantiae
1007 1748 1019 1784 ,
1035 1699 1210 1774 hominem
1225 1701 1423 1795 impruden·

228 1815 321 1879 tem,
346 1817 386 1868 ac
403 1796 628 1866 temerarium.
666 1793 740 1865 Hic
763 1793 978 1886 praedicans,
1003 1816 1043 1865 ac
1069 1792 1204 1888 fingens
1232 1797 1427 1889 magalim

227 1887 370 1975 rcreffe,
396 1890 537 1964 militem
552 1909 682 1961 novum
701 1889 774 1960 usui
790 1887 996 1984 sclopetario
1012 1887 1204 1972 assuefieri,
1228 1891 1340 1964 indies
1360 1917 1422 1966 nu-

190 1999 193 2008 *
219 2007 361 2067 merum
384 1987 533 2078 aliquem
556 2005 652 2058 extra
673 2007 830 2080 portam,
855 1987 964 2078 vulgo
981 1983 1189 2080 Cauberghe
1205 1985 1421 2082 dislam,per

228 2083 397 2174 plateam,
422 2099 500 2174 quae
519 2080 645 2153 Aulam
665 2083 822 2172 attingit,
848 2091 926 2174 q'uae
953 2099 1027 2152 erat
1056 2101 1195 2174 portam
1220 2080 1337 2154 versus
1364 2086 1423 2158 via

228 2178 342 2262 resta,
368 2175 548 2261 euntibus,
573 2176 742 2260 ducebat,
759 2175 878 2269 ibique
894 2175 1046 2270 scopum·
1063 2175 1240 2257 statuebat,
1254 2177 1297 2250 ad
1317 2201 1420 2272 quem

230 2271 358 2345 milites
386 2269 575 2366 propositis
593 2273 726 2366 aliquot
743 2274 892 2365 praemiis
910 2273 1146 2357 collimarent,
1170 2269 1423 2366 sclopetorum-

229 2389 298 2462 que
314 2367 403 2440 isius
422 2369 632 2460 dirigerent,
662 2365 714 2446 sui
729 2368 942 2438 exercitandi
964 2365 1074 2439 causa.
1123 2366 1234 2459 Quod
1259 2391 1336 2439 cum
1355 2368 1422 2442 usu

229 2465 395 2536 continuo
411 2485 455 2534 eo
472 2459 677 2556 pernenlllet
690 2520 702 2558 ‚
727 2483 765 2544 ut
781 2460 974 2556 suspicione
1003 2463 1147 2556 publica
1171 2473 1321 2550 careret,
1347 2485 1422 2536 tan-

229 2556 309 2630 dein
355 2578 451 2632 uarta
465 2555 675 2652 Septembris
695 2579 786 2630 anno
804 2555 1002 2644 millesimo,
1029 2556 1321 2651 quingentilimo,
1346 2559 1418 2654 sep·
1477 2565 1483 2574 '

228 2581 419 2746 tuagebmo
435 2653 555 2734 sexto,
575 2651 751 2748 assumptis
767 2669 847 2724 ante
865 2651 1039 2723 meridiem
1055 2654 1314 2744 quadringentis
1332 2656 1420 2724 mili·

225 2746 341 2830 tibus,
359 2749 402 2820 ad
419 2769 572 2841 pugnam
591 2746 679 2820 bene
695 2747 845 2842 paratis,
860 2769 938 2818 cum
949 2748 1050 2820 Aulae
1068 2751 1417 2845 appropinquarent,
1527 2743 1541 2766 “

227 2840 355 2915 furiose
382 2865 456 2913 eam
486 2839 630 2929 invafit,
660 2843 820 2938 reeteque
847 2841 890 2914 ad
913 2843 1132 2927 cubiculum,
1154 2843 1219 2914 ubi
1240 2842 1422 2938 supremus·

135 2979 140 2984 -
229 2935 377 3011 Senatus
391 2955 634 3024 convenerat,
686 2936 969 3033 rogrell'us,cum
991 2937 1026 3010 id
1047 2935 1195 3010 clausum
1213 2938 1414 3030 invenisset,

226 3031 386 3108 vestibus
403 3031 535 3119 ferreis,
548 3051 635 3128 quos
660 3057 758 3106 ecum
777 3029 938 3108 consulto
956 3031 1072 3104 afferri
1088 3053 1279 3122 curaverat,
1289 3032 1428 3109 ostium
1536 3111 1540 3118 ,

227 3131 340 3226 rupit,
366 3129 582 3226 intransque,
606 3129 778 3212 tribunal,
803 3147 863 3202 aut
876 3131 995 3224 potius
1011 3126 1145 3223 Regem
1161 3128 1297 3224 ipsum,
1314 3137 1417 3222 cujus

224 3227 340 3296 vicem
366 3226 537 3324 gerebat,
564 3226 814 3320 comprehendi
840 3225 962 3320 jussit:
994 3223 1130 3298 facinus
1152 3228 1278 3320 procul
1303 3227 1420 3299 dubio

225 3321 331 3412 longe
347 3321 621 3416 persidiffimum,
639 3324 741 3394 etiam
766 3342 835 3393 tam
862 3340 995 3415 magnae
1020 3342 1161 3413 tamque
1191 3319 1332 3412 infignis
1352 3343 1411 3400 au-

227 3414 353 3497 daciae,
370 3413 409 3488 dt
422 3418 643 3503 temeritatis,
661 3435 701 3488 ut
718 3418 779 3489 vix
797 3414 893 3488 credi
912 3413 1007 3508 posse
1021 3415 1199 3496 videatur,
1222 3417 1336 3486 virum
1351 3435 1411 3488 va·

226 3504 365 3596 sallum,
387 3510 538 3582 nobilem
557 3563 575 3597 „
591 3534 632 3582 ac
656 3509 818 3604 singulari
840 3510 1066 3604 juramento,
1090 3507 1138 3579 ob
1163 3530 1311 3596 munus,
1338 3531 1418 3606 quo

223 3599 453 3696 fungebatur,
479 3601 570 3698 Regi
587 3606 808 3688 obstrictum,
834 3605 1048 3687 naturalem,
1075 3621 1141 3673 nec
1165 3625 1237 3674 non
1253 3606 1411 3678 acciden-

145 3773 148 3780 ,
220 3701 327 3771 talem
342 3698 438 3768 illurn
453 3698 723 3791 obligationem,
748 3721 818 3772 tam
837 3697 931 3770 fode
948 3699 1123 3793 negligere
1146 3697 1312 3791 potuisse:
1339 3721 1415 3772 ma·

218 3794 341 3892 gisque
357 3793 568 3872 mirandum,
594 3815 664 3868 non
680 3793 820 3868 descisse
837 3795 927 3866 inter
952 3797 1058 3881 alios,
1083 3796 1181 3866 viros
1198 3792 1415 3869 Ecclesiasti-

109 3961 111 3966 .
219 3913 300 3974 cos,
329 3890 391 3985 qui
417 3887 515 3961 illum
532 3887 574 3958 ad
591 3908 660 3960 tam
685 3887 819 3960 infame
837 3889 971 3963 facinus
995 3891 1266 3986 perpetra-ndum
1287 3889 1408 3961 incita·

218 4004 307 4060 rent.
356 3985 523 4079 Denique
552 3981 577 4057 st
608 3985 677 4056 hoc
704 3983 842 4058 facinus
863 4007 927 4078 per
961 3982 1141 4058 seexaste
1161 3985 1373 4078 ponderetur
1392 4035 1412 4068 ,-

214 4083 309 4158 nihil-
322 4081 369 4154 est
387 4081 423 4152 in
444 4101 522 4154 toto
543 4099 711 4153 terrarum
728 4078 832 4162 orbe,
844 4075 939 4172 quod
959 4079 1198 4152 immoderatis
1214 4081 1412 4154 animorum

138 4247 145 4266 x
215 4177 422 4272 pellionibus
440 4201 510 4250 non
528 4174 725 4272 superetur,
741 4174 846 4258 nihil,
863 4173 959 4268 quod
972 4175 1135 4248 mortales
1150 4196 1222 4247 non
1237 4176 1408 4260 audeant,

219 4272 298 4345 edm
318 4272 474 4369 neglesla
490 4273 625 4347 ratione
641 4322 653 4359 ,
679 4290 855 4368 ruptoque
870 4271 1068 4367 Religionis
1077 4291 1120 4348 ac
1135 4268 1273 4350 honesti
1285 4270 1384 4348 freno
1394 4320 1415 4356 ,.

110 4415 111 4422 κ
215 4365 284 4444 soli
299 4370 469 4466 appetitui
494 4365 689 4449 satisfacere
715 4369 929 4448 statuerunt·
1485 4415 1490 4422 ,

738 4507 743 4512 .
977 4487 980 4494 ,
1217 4460 1297 4536 m
1320 4455 1415 4530 Non
