3984 5167
379 522 675 621 utunrt
740 519 1212 668 Quintus.
1348 534 1428 639 381
1542 448 1613 467 '⁵

248 719 360 796 mitior
374 718 602 816 respondente
623 718 644 761 ⁸
667 769 678 805 ,
713 716 753 793 dt
772 720 870 817 quod
889 718 968 814 plut
987 719 1062 793 aliia
1079 716 1250 793 desiderio
1258 716 1434 793 Ordinnm
1465 732 1570 811 1579.
1660 806 1664 813 Ι

121 832 124 895 ἑ
246 817 511 913 responderent,
535 815 653 891 verbis
675 816 712 889 δι
740 814 879 912 scripto
895 814 1034 893 conscili
1057 812 1164 887 sunt:
1197 815 1290 887 baud
1317 836 1431 891 tamen

121 938 123 949 ¹
242 933 440 1006 acceptator
451 909 647 983 Ordinibus
675 911 907 997 transmisdre,
932 933 971 983 ur
992 911 1138 1006 quidde
1160 910 1201 981 iis
1220 906 1280 981 fibi
1297 912 1431 986 videre-

236 1026 296 1097 ¹tur
313 1004 560 1094 rescriberent3
586 1004 799 1102 persistentes
819 1011 854 1081 in
873 1031 917 1081 eo
936 1005 1005 1080 seru
1035 1030 1073 1079 et
1088 1028 1127 1081 ut
1138 1006 1289 1079 induciae
1302 1004 1432 1081 fierent.

241 1100 279 1175 In
297 1126 441 1199 quarum
457 1104 687 1197 denegatione
704 1105 764 1177 diu
781 1101 973 1198 persisterat
1020 1124 1100 1174 erret
1113 1102 1211 1173 Nroae
1226 1100 1306 1175 Dur
1321 1122 1329 1171 :
1350 1098 1430 1173 scie-

239 1196 296 1271 bat
312 1200 403 1273 enirn
423 1221 498 1271 eam
514 1196 731 1271 solummodo
749 1200 796 1271 ob
818 1198 953 1273 causam
970 1198 1008 1268 id
1030 1217 1215 1292 tantopere
1235 1198 1374 1290 urgeri,
1391 1216 1433 1271 ut

239 1295 395 1389 periculo
420 1294 626 1369 eximeretur
642 1292 841 1388 Traiedlum
865 1291 1045 1367 obstdione
1070 1294 1241 1380 cinctum,
1267 1294 1434 1388 quodque

241 1390 332 1463 baud
355 1386 481 1460 minori
504 1390 745 1483 compendio,
778 1388 803 1461 st
833 1390 965 1461 vellent
992 1385 1174 1473 Ordines,
1206 1389 1303 1473 Part,
1328 1389 1434 1481 quim

234 1482 494 1571 induciae,fieri
509 1482 637 1578 posset,
663 1487 758 1556 itaut
775 1488 829 1557 bae
845 1484 1046 1557 viderentur
1059 1482 1292 1569 infructuosae,
1304 1488 1429 1557 nihilo·

130 1597 141 1611 ·
242 1582 355 1653 minus
372 1578 511 1652 tandem
531 1580 685 1653 indutias
703 1578 776 1655 fieri
799 1576 988 1669 consensit,
1022 1579 1079 1653 sed
1096 1583 1200 1656 certis
1226 1580 1435 1655 conditioni·

238 1675 328 1761 bus,
378 1696 432 1749 uae
450 1696 520 1747 non
537 1676 713 1772 placudre.

285 1698 395 1845 Chi.
423 1768 597 1844 Caeterum
615 1769 769 1846 Ordines
778 1768 856 1845 vifis
873 1772 1045 1846 didiorum
1063 1769 1208 1846 Caesaris
1225 1769 1429 1847 Commissa·

238 1869 369 1941 tiorum
387 1865 543 1941 secundis
560 1869 732 1953 articulis,
760 1872 936 1963 exemplar
955 1868 1156 1943 eorumdem
1184 1866 1323 1963 fingulis
1347 1867 1434 1943 Pro·

229 1964 361 2038 -uinciit
380 1962 561 2037 transmitti
576 1985 758 2051 curarunt,
783 1985 823 2035 ut
849 1987 1090 2059 unaquaeque,
1117 1964 1198 2059 quid
1228 1967 1272 2038 de
1302 1968 1343 2039 iis
1361 1964 1431 2038 sen.

235 2062 342 2149 tiret,
368 2056 598 2155 figmficaree,
624 2084 695 2157 quo
716 2060 890 2154 principio
907 2062 943 2132 in
961 2064 1106 2154 longum
1130 2062 1285 2156 tettrabi
1303 2083 1431 2157 coepta.

240 2155 474 2249 Quamobrem
493 2154 631 2229 solliciti
647 2154 730 2231 dieti
753 2150 1002 2243 Commissarii,
1029 2154 1171 2250 ipseque
1187 2158 1290 2230 etiam
1309 2157 1430 2230 Terrae·
1502 2244 1506 2253 Ι

238 2272 377 2322 mutnus
396 2253 479 2324 Dux
505 2256 549 2325 ad
573 2254 804 2325 Archiducern
823 2255 1004 2327 Matthiom
1021 2249 1060 2324 dt
1079 2249 1253 2339 Ordines,
1273 2251 1430 2348 ipsasque

237 2344 441 2425 Provincias
457 2350 683 2446 particulares
699 2344 865 2447 scripsere
884 2348 916 2443 ¹1.
941 2344 1087 2446 Scripfit
1105 2343 1256 2425 similiter
1267 2350 1314 2423 ad
1323 2346 1429 2422 Ordi-

1374 2467 1439 2525 ΗΕΒ

276 2624 295 2667 ⁸
315 2623 366 2691 Iro
385 2623 494 2709 vitiosa
509 2625 618 2709 legitur
633 2630 665 2691 in
683 2628 739 2712 ms.

281 2706 391 2790 †Hic
412 2710 511 2775 nimis
536 2712 660 2777 leviter
677 2709 819 2778 transilit
848 2710 987 2778 auctor:
1009 2708 1068 2795 qui
1086 2710 1162 2793 post
1191 2708 1335 2778 addusta
1359 2706 1434 2777 atla

234 2788 372 2877 integra
395 2794 565 2875 partium,
588 2794 740 2861 exhibita
769 2796 804 2861 iu
839 2795 1029 2863 Conventu
1058 2794 1273 2873 Colonienfi,
1302 2794 1429 2860 merito

235 2874 317 2941 sane
346 2873 524 2943 addidisset
547 2879 663 2945 literas
689 2897 711 2944 a
739 2878 958 2963 Commr'ffort'r's
979 2880 1143 2966 Capreis,
1167 2895 1270 2961 atque
1297 2897 1318 2945 a
1345 2874 1432 2941 Dure

237 2956 417 3026 Terrunovo
435 2960 560 3043 [triplos
571 2961 612 3025 od
622 2958 752 3031 Ordines
771 2960 940 3027 Hollondt'ae
955 2982 990 3028 or
1049 2962 1177 3032 laodite,
1199 2969 1210 3026 t'
1224 2960 1284 3047 [α]
1318 2965 1432 3027 tollor

228 3049 410 3137 providetur
421 3046 630 3127 particulares.
658 3044 826 3127 Utrasque
844 3046 958 3131 reperi
974 3046 1067 3193 apud
1085 3046 1188 3113 Gerar
1209 3067 1259 3110 um
1331 3046 1431 3116 mear.

231 3125 520 3211 dtligentilstmum
534 3128 630 3193 illum
651 3128 748 3211 Reip.
770 3130 985 3197 Deventrien
1000 3149 1028 3196 ts
1044 3130 1256 3205 oduarium,
1280 3128 1316 3196 δι
1336 3128 1432 3196 dere
1457 3186 1461 3191 .

232 3207 386 3277 literaria
404 3210 492 3279 bene
514 3212 675 3279 meritum
705 3212 835 3289 virum,
859 3214 956 3297 cujus
979 3214 1273 3279 tomumaltetum
1298 3212 1434 3279 Doum-

230 3298 303 3355 rrr'ae
322 3290 475 3389 illustrata
504 3298 633 3363 tamdiu
665 3305 678 3369 l
713 3294 897 3363 defiderari
931 3314 1000 3361 non
1029 3296 1107 3361 satis
1140 3296 1314 3379 patienter
1343 3292 1431 3361 fero.
1456 3305 1561 3379 §Hae

233 3372 345 3455 igitur
369 3394 403 3441 1n
419 3378 491 3461 eJus
506 3378 719 3447 Analttlorum
736 3396 811 3447 tomo
828 3399 859 3463 3.
881 3400 901 3444 o
909 3396 985 3463 pag.
1007 3381 1082 3462 576.
1102 3378 1264 3463 leguntur
1283 3375 1338 3443 hae
1351 3396 1429 3461 quae
1452 3386 1549 3446 scribo

232 3452 421 3540 sequuntur
441 3462 568 3531 literae:
1452 3467 1500 3522 dre
1517 3474 1546 3520 a.

1451 3538 1597 3599 Decemb·

583 3628 700 3695 Sacrae
723 3627 890 3697 Caesarete
903 3628 1085 3727 Majestatis
1106 3628 1149 3695 ad
1164 3647 1206 3696 ne
1230 3628 1339 3697 otium
1351 3626 1429 3697 Bel·
1454 3635 1543 3699 ¹740·

623 3716 710 3796 gicae
731 3714 979 3798 pacificationrs
1005 3715 1174 3799 Deputati
1224 3712 1429 3783 omnnffarii,

187 3946 192 3956 ‚
334 3870 521 3949 slmrtreudt',
546 3870 706 3959 Gourofi,
727 3878 870 3955 Nobiles,
892 3880 1065 3965 spetialiter
1086 3880 1122 3951 bs
1144 3879 1318 3951 Prudenter.

171 4092 178 4105 .
272 4082 299 4117 ‚,
314 4038 456 4109 Nemini
469 4038 653 4137 obscurum
667 4042 732 4113 esse
750 4046 973 4127 arbitramur,
991 4062 1125 4131 <quanto
1148 4046 1258 4114 studio
1282 4049 1431 4132 quantis·

228 4166 257 4203 „
270 4122 520 4209 quemolestits
539 4124 575 4194 dr
595 4126 769 4197 laboribus
791 4130 858 4199 boc
880 4152 967 4203 onus
997 4132 1145 4216 belgicae
1165 4131 1432 4213 pacificationis„

227 4248 258 4283 η
275 4229 294 4274 a
312 4210 417 4305 Sacra
433 4206 590 4305 Caesarea
602 4210 776 4296 Majestate
799 4216 898 4285 nobis
918 4216 1140 4315 impositum,
1162 4217 1335 4299 hucusque
1350 4237 1433 4301 pro-

223 4328 259 4363 „
276 4289 380 4361 secutt
388 4291 579 4379 fuerimus,
601 4312 711 4379 neque
728 4316 749 4367 a
764 4318 937 4383 quoquam
964 4318 1000 4365 tn
1018 4302 1141 4367 malam
1157 4314 1293 4384 partem
1317 4300 1436 4383 accipi

223 4412 259 4451 ,η
273 4375 333 4445 vel
351 4374 445 4462 polle
465 4378 525 4453 tel
544 4378 692 4462 debete,
713 4380 738 4452 fi
759 4384 908 4545 lonssim
929 4384 1050 4465 vestra„
1062 4399 1335 4473 caeterarumque
1350 4386 1436 4452 Pro·

861 4468 916 4549 bb
944 4490 967 4566 3
1321 4472 1441 4557 „vln-
