3984 5167
430 502 726 621 eruore
782 506 1186 603 sux‘rue
1335 532 1416 626 431

224 677 299 777 ost)
324 678 376 755 uti
398 682 597 777 Aaroicum,
625 701 802 778 tamquam
831 687 1015 771 maximam
1045 684 1175 781 pestem
1203 684 1419 782 Reipublicae
1466 706 1602 791 15823..

227 776 453 861 Christianae,
482 776 639 853 emedio
659 784 780 855 tollere
803 784 950 857 viriliter
969 802 1149 867 tentaret„
1162 781 1299 854 tandem
1324 784 1417 857 &id
1597 794 1603 803 '

224 867 520 972 perlicereanimo
536 873 725 951 obfirmato
749 878 874 951 statuit.
927 874 1415 971 Quibusrebuslicstatutis,
1496 925 1500 930 -

225 994 303 1043 curn
321 970 392 1065 jam
416 970 575 1065 Anasta
595 972 791 1069 Antverpia
814 973 1003 1047 discessisset
1015 978 1238 1067 „Jouregui‚
1258 972 1415 1045 Domini-

225 1087 313 1139 cano
331 1066 466 1139 cuidam
482 1067 671 1157 sacerdoti,
697 1090 843 1166 peccata
856 1069 924 1155 ‚sua
945 1073 1057 1144 veluti
1079 1072 1191 1142 iturus
1216 1068 1261 1141 ad
1286 1092 1417 1141 certam

106 1254 109 1261 .
225 1183 375 1237 mortem
391 1162 561 1239 confessus
577 1165 647 1253 est,
667 1164 864 1261 sacramque
881 1165 1038 1260 synaxim
1055 1162 1198 1260 sumpsit
1213 1164 1322 1238 biduo
1337 1186 1418 1258 ante

223 1256 370 1331 facinus.
422 1256 511 1332 Erat
545 1258 744 1335 adolescens
777 1264 952 1357 Religioni
983 1262 1177 1335 Catholicae
1200 1259 1439 1356 summopere,

222 1354 411 1439 addistus,.
424 1355 576 1451 ideoque
605 1356 773 1431 credibile
792 1358 862 1443 est,
887 1356 1039 1432 feruenti
1063 1359 1258 1451 Religionis
1277 1364 1357 1431 zelo
1373 1382 1417 1433 eo

223 1448 322 1523 fuisse
355 1452 552 1525 adduslum.
603 1452 722 1547 Elegit
755 1454 798 1526 ad
823 1456 939 1547 coepti
969 1456 1213 1527 executionem
1245 1458 1419 1529 decimum

223 1544 389 1623 octavum
408 1550 500 1622 diem
528 1548 653 1623 Martii
671 1552 731 1645 qpi
751 1570 827 1621 erat
849 1552 971 1625 natalis
999 1552 1083 1623 Duri
1108 1548 1348 1643 Andrgoueuſs,
1373 1553 1417 1624 ad

225 1646 326 1737 cujus
348 1644 405 1717 ille
420 1643 688 1739 splendidiorem
722 1647 991 1723 celebrationem
1018 1647 1205 1717 certamina
1236 1648 1415 1731 militaria,

221 1742 404 1815 recreandi
426 1744 552 1837 populi
579 1738 700 1829 causa,
733 1740 816 1839 posi
839 1743 1015 1815 meridiem
1051 1740 1126 1814 fieri
1165 1763 1325 1827 curarat,
1351 1765 1416 1815 nec

107 1876 116 1890 r
221 1857 295 1909 non
318 1833 426 1909 noctu
459 1860 569 1911 creua¹
583 1837 762 1933 splendida
792 1842 968 1913 Autricum
1001 1836 1238 1933 plurimosque
1265 1839 1415 1911 civitatis
1651 1920 1660 1928 ‚

249 1933 424 2027 raecipuos
443 1935 597 2009 hilariter
622 1938 787 2031 excipere
804 1934 1019 2009 decreverat.
1067 1934 1201 2007 Muniit
1218 1933 1251 2009 se
1271 1935 1414 2028 Joonnes
1449 1974 1557 2051 Agnae

270 2050 382 2124 opeto
416 2028 502 2103 satis·
520 2054 673 2127 parvo,
697 2034 922 2126 accinctoque
950 2030 1050 2103 lateri
1086 2032 1277 2127 pugione,
1309 2033 1415 2103 domo
1450 2055 1574 2111 Aaron.

221 2121 375 2220 egressus
388 2126 509 2222 inqua
525 2128 669 2225 agebat,
693 2128 800 2203 fertur
812 2125 932 2201 dixisse
948 2126 1055 2201 sodali
1071 2130 1209 2201 cuidam
1226 2126 1414 2201 domestico
1448 2134 1498 2206 ΡΜ
1514 2135 1546 2224 {¹²

219 2218 301 2295 suo:
328 2223 543 2319 relnque,
568 2238 777 2299 uttrrrarum
802 2230 903 2299 orbem
921 2223 944 2295 l
952 2228 1038 2315 scor
1059 2227 1251 2315 morumque
1269 2225 1413 2413 {pronao
1449 2210 1589 2267 tracturu-

220 2317 371 2404 Iibmm,
394 2342 433 2391 or
448 2324 519 2393 licet
536 2318 774 2416 secusvfortaffr
801 2322 917 2415 Belga·
934 2342 992 2393 nou
1017 2320 1037 2359 *
1054 2320 1218 2411 sentinat,
1240 2336 1278 2411 po
1307 2341 1344 2390 eu
1365 2334 1414 2389 ta·
1447 2286 1595 2443 mm

220 2434 293 2485 men
310 2417 492 2506 probabunt.
516 2415 712 2510 Prandebat
727 2417 885 2489 Auroitus
909 2416 944 2487 in
960 2416 1143 2501 conclavi,
1169 2414 1260 2487 unde
1276 2415 1295 2486 d
1312 2438 1415 2508 pran-
1449 2464 1487 2503 co.

202 2509 284 2587 ,dio
305 2508 459 2585 adalind
477 2509 512 2587 se
541 2509 701 2586 conferre
720 2510 964 2587 consueverat:
989 2511 1131 2605 Journes
1147 2518 1203 2582 'eo
1221 2514 1416 2619 'prandente
1449 2560 1583 2622 *Tenon

223 2604 713 2701 deambulabatrexspeelans
736 2609 819 2680 dum
845 2604 1024 2690 transiret,
1047 2606 1204 2698 ostioque
1227 2626 1416 2699 appropin·
1451 2644 1559 2701 „mr
1589 2604 1600 2638 '

223 2702 345 2795 quanti
363 2701 555 2799 supplicem
573 2705 655 2779 dum
673 2690 823 2801 porrigit
839 2700 995 2775 libellum
1010 2700 1204 2797 sclopetum
1235 2706 1278 2775 ad
1296 2723 1417 2797 guttur
1451 2719 1595 2781 nundina
1717 2744 1720 2750 ·
1835 2795 1845 2804 .

222 2794 424 2872 constanter
449 2800 590 2895 adegit,
621 2822 668 2873 ac
685 2798 859 2895 displosit:
890 2818 1040 2895 cumque
1072 2820 1156 2872 eum
1178 2797 1313 2873 videret
1344 2822 1414 2872 non

222 2891 350 2966 cadere
365 2898 554 2991 pugionem
580 2895 747 2991 arripuit,
772 2916 811 2969 ut
837 2912 953 2990 coepta
982 2894 1185 2989 perficeret,
1211 2893 1270 2967 sed
1288 2896 1415 2969 Comes

222 2988 416 3075 Halmius,
442 2994 503 3089 qui
520 3014 636 3087 prope
665 3012 738 3067 erat
765 2989 1019 3068 adolescentem
1044 2991 1195 3063 medium
1226 2994 1415 3085 corripuit,

222 3084 501 3185 advolaruntque
519 3090 689 3163 continuo
714 3090 873 3185 corporis
900 3084 1082 3176 custodes,
1109 3088 1272 3182 quicum
1300 3090 1430 3160 multis·

220 3183 424 3258 vulneribus
459 3184 651 3261 confossum
685 3186 916 3259 trucidarunt.
965 3184 1110 3258 Accidit
1145 3202 1259 3256 tamen
1289 3184 1414 3256 vulnus

221 3298 296 3349 non
311 3280 378 3355 elle
398 3282 535 3358 lethale.
586 3280 772 3357 Casusvhic
787 3284 985 3378 inopinatus
1005 3300 1113 3353 totam
1126 3280 1301 3351 civitatem
1314 3280 1415 3349 valde

224 3381 436 3467 commonit,
470 3381 648 3475 praecipue
672 3379 870 3453 haereticost
915 3376 996 3447 Nec
1023 3376 1165 3447 caruere
1194 3372 1292 3445 Galli
1311 3371 1416 3465 suspi-

223 3467 471 3566 cione,.quod
488 3478 525 3548 in
547 3476 707 3550 savorem
723 3474 987 3547 Catholicorum
1012 3469 1055 3542 ad
1068 3467 1272 3541 faciliorem
1299 3469 1435 3562 Belgii.

221 3571 490 3659 occupationem
508 3572 680 3644 &uicum
702 3568 857 3642 emedio
874 3568 998 3641 tollere
1013 3564 1206 3639 voluissent.
1255 3564 1427 3647 Cadaver

222 3658 418 3733 confossum
439 3669 575 3758 populo
604 3666 651 3739 est
671 3666 888 3745 exhibitum,
911 3685 952 3734 ac
970 3663 1135 3755 postridie
1166 3682 1244 3736 ante
1274 3662 1422 3731 domum

219 3758 259 3831 in
283 3776 435 3851 quatuor
457 3782 576 3853 partes
600 3758 807 3845 odedum,
822 3782 903 3855 quae
918 3756 1019 3853 super
1037 3759 1183 3831 totidem
1213 3757 1308 3829 urbis
1336 3778 1416 3849 por·

219 3871 275 3925 tas
293 3856 336 3925 ad
355 3872 520 3929 terrorem
555 3854 735 3951 expositam¹
778 3856 916 3929 Domus
945 3852 1119 3950 Annosiri,
1146 3852 1167 3925 d
1196 3851 1341 3946 vestigio
1364 3856 1416 3927 in·

218 3948 381 4037 vaditur,
407 3951 660 4047 diripiturque,
684 3954 847 4047 captique
864 3952 937 4045 ejus
956 3947 1133 4024 nummfim
1153 3971 1336 4046 receptor,
1362 3974 1428 4022 rav

219 4045 715 4143 tionumquescriptor,1cu1u
732 4052 906 4121 rationum
927 4047 1025 4120 libris
1037 4068 1076 4119 ac
1092 4046 1231 4118 litteris:
1256 4069 1324 4118 nec
1342 4070 1413 4120 non

221 4142 411 4235 praedictus
430 4142 680 4218 Dominicanua
699 4146 900 4241 presbyter.
950 4142 1015 4215 Ille
1043 4142 1147 4214 etiam
1172 4144 1231 4237 qui
1250 4144 1415 4216 vendide-

222 4236 504 4341 ratsclopetum,
528 4240 567 4319 δι
583 4237 825 4339 ancilla,‘quo
854 4239 901 4318 stc
929 4242 1051 4316 melius
1074 4243 1125 4315 rei
1149 4242 1249 4335 origo
1277 4238 1431 4332 investi·-

1320 4357 1423 4433 gare«.
