<?xml version="1.0" encoding="UTF-8"?>
<!DOCTYPE html PUBLIC "-//W3C//DTD XHTML 1.0 Transitional//EN"
    "http://www.w3.org/TR/xhtml1/DTD/xhtml1-transitional.dtd">
<html xmlns="http://www.w3.org/1999/xhtml" xml:lang="en" lang="en">
 <head>
  <title>
</title>
<meta http-equiv="Content-Type" content="text/html;charset=utf-8" />
  <meta name='ocr-system' content='tesseract 3.04.00' />
  <meta name='ocr-capabilities' content='ocr_page ocr_carea ocr_par ocr_line ocrx_word'/>
</head>
<body>
  <div class='ocr_page' id='page_1' title='image "./vitavigliiabayt00papegoog_0193.png"; bbox 0 0 3984 5167; ppageno 0'>
   <div class='ocr_carea' id='block_1_1' title="bbox 497 345 1755 572">
    <p class='ocr_par' dir='ltr' id='par_1_1' title="bbox 497 345 1755 572">
     <span class='ocr_line' id='line_1_1' title="bbox 497 345 1755 572; baseline -0.01 -25"><span class='ocrx_word' id='word_1_1' title='bbox 497 345 506 382; x_wconf 53' lang='grc'><em>’</em></span> <span class='ocrx_word' id='word_1_2' title='bbox 540 464 624 572; x_wconf 68' lang='lat'>1⁸4</span> <span class='ocrx_word' id='word_1_3' title='bbox 682 453 716 562; x_wconf 79' lang='lat' dir='ltr'>J.</span> <span class='ocrx_word' id='word_1_4' title='bbox 745 446 792 540; x_wconf 86' lang='lat' dir='ltr'>u.</span> <span class='ocrx_word' id='word_1_5' title='bbox 820 463 901 542; x_wconf 72' lang='lat' dir='ltr'>ne·</span> <span class='ocrx_word' id='word_1_6' title='bbox 929 362 1179 542; x_wconf 76' lang='lat' dir='ltr'>nnssts</span> <span class='ocrx_word' id='word_1_7' title='bbox 1214 435 1609 540; x_wconf 77' lang='lat' dir='ltr'>contuntur.</span> <span class='ocrx_word' id='word_1_8' title='bbox 1742 489 1755 508; x_wconf 86' lang='lat'><strong>·</strong></span> 
     </span>
    </p>
   </div>
   <div class='ocr_carea' id='block_1_2' title="bbox 375 636 1896 4378">
    <p class='ocr_par' dir='ltr' id='par_1_2' title="bbox 379 636 1892 948">
     <span class='ocr_line' id='line_1_2' title="bbox 379 636 1892 756; baseline -0.005 -28"><span class='ocrx_word' id='word_1_9' title='bbox 379 669 482 746; x_wconf 77' lang='lat'>1573.</span> <span class='ocrx_word' id='word_1_10' title='bbox 537 669 574 724; x_wconf 77' lang='lat' dir='ltr'>tu</span> <span class='ocrx_word' id='word_1_11' title='bbox 595 644 702 722; x_wconf 79' lang='lat' dir='ltr'>effe&#39;ut</span> <span class='ocrx_word' id='word_1_12' title='bbox 717 644 844 718; x_wconf 77' lang='lat' dir='ltr'>munia</span> <span class='ocrx_word' id='word_1_13' title='bbox 858 639 953 756; x_wconf 72' lang='lat' dir='ltr'>lente</span> <span class='ocrx_word' id='word_1_14' title='bbox 964 641 1091 755; x_wconf 77' lang='lat' dir='ltr'>nimir,</span> <span class='ocrx_word' id='word_1_15' title='bbox 1111 643 1151 719; x_wconf 70' lang='grc' dir='ltr'>δι</span> <span class='ocrx_word' id='word_1_16' title='bbox 1167 665 1239 718; x_wconf 90' lang='lat' dir='ltr'>nou</span> <span class='ocrx_word' id='word_1_17' title='bbox 1252 643 1393 733; x_wconf 86' lang='lat' dir='ltr'>ordine,</span> <span class='ocrx_word' id='word_1_18' title='bbox 1410 665 1482 740; x_wconf 78' lang='lat' dir='ltr'>quo</span> <span class='ocrx_word' id='word_1_19' title='bbox 1499 641 1672 735; x_wconf 78' lang='lat' dir='ltr'>debebat,</span> <span class='ocrx_word' id='word_1_20' title='bbox 1682 644 1735 722; x_wconf 80' lang='lat' dir='ltr'>&#39;ad</span> <span class='ocrx_word' id='word_1_21' title='bbox 1891 636 1892 691; x_wconf 54' lang='grc' dir='ltr'><strong>ἶ</strong></span> 
     </span>
     <span class='ocr_line' id='line_1_3' title="bbox 542 738 1737 948; baseline 0 -34"><span class='ocrx_word' id='word_1_22' title='bbox 542 738 1176 948; x_wconf 46' lang='grc' dir='ltr'>Πῗῖἰῖωέρῐὲἓιηξεὲεὲᾞζοῐε,</span> <span class='ocrx_word' id='word_1_23' title='bbox 1193 836 1323 948; x_wconf 81' lang='lat' dir='ltr'>Comes</span> <span class='ocrx_word' id='word_1_24' title='bbox 1345 831 1510 934; x_wconf 75' lang='lat' dir='ltr'>Btffunius</span> <span class='ocrx_word' id='word_1_25' title='bbox 1530 833 1665 910; x_wconf 77' lang='lat' dir='ltr'>cladem</span> <span class='ocrx_word' id='word_1_26' title='bbox 1690 861 1737 914; x_wconf 84' lang='lat' dir='ltr'>ex</span> 
     </span>
    </p>

    <p class='ocr_par' dir='ltr' id='par_1_3' title="bbox 541 933 1737 1030">
     <span class='ocr_line' id='line_1_4' title="bbox 541 933 1737 1030; baseline -0.006 -16"><span class='ocrx_word' id='word_1_27' title='bbox 541 936 793 1014; x_wconf 80' lang='lat' dir='ltr'>Amllerodamt</span> <span class='ocrx_word' id='word_1_28' title='bbox 826 955 932 1030; x_wconf 89' lang='lat' dir='ltr'>portu</span> <span class='ocrx_word' id='word_1_29' title='bbox 963 935 1141 1018; x_wconf 84' lang='lat' dir='ltr'>educens,</span> <span class='ocrx_word' id='word_1_30' title='bbox 1164 934 1345 1020; x_wconf 79' lang='lat' dir='ltr'>hostilem,</span> <span class='ocrx_word' id='word_1_31' title='bbox 1371 957 1452 1026; x_wconf 87' lang='lat' dir='ltr'>quae</span> <span class='ocrx_word' id='word_1_32' title='bbox 1483 955 1555 1006; x_wconf 90' lang='lat' dir='ltr'>non</span> <span class='ocrx_word' id='word_1_33' title='bbox 1589 933 1737 1028; x_wconf 80' lang='lat' dir='ltr'>amplius</span> 
     </span>
    </p>

    <p class='ocr_par' dir='ltr' id='par_1_4' title="bbox 542 1027 1893 1124">
     <span class='ocr_line' id='line_1_5' title="bbox 542 1027 1893 1124; baseline -0.005 -14"><span class='ocrx_word' id='word_1_34' title='bbox 542 1033 681 1110; x_wconf 86' lang='lat' dir='ltr'>duobus</span> <span class='ocrx_word' id='word_1_35' title='bbox 698 1031 890 1104; x_wconf 83' lang='lat' dir='ltr'>miliaribus</span> <span class='ocrx_word' id='word_1_36' title='bbox 907 1027 989 1102; x_wconf 88' lang='lat' dir='ltr'>inde</span> <span class='ocrx_word' id='word_1_37' title='bbox 1011 1030 1154 1116; x_wconf 78' lang='lat' dir='ltr'>aberat,</span> <span class='ocrx_word' id='word_1_38' title='bbox 1178 1028 1329 1103; x_wconf 81' lang='lat' dir='ltr'>animose</span> <span class='ocrx_word' id='word_1_39' title='bbox 1358 1031 1403 1100; x_wconf 86' lang='lat' dir='ltr'>ad</span> <span class='ocrx_word' id='word_1_40' title='bbox 1429 1051 1584 1124; x_wconf 87' lang='lat' dir='ltr'>pugnam</span> <span class='ocrx_word' id='word_1_41' title='bbox 1603 1051 1740 1123; x_wconf 86' lang='lat' dir='ltr'>provo·</span> <span class='ocrx_word' id='word_1_42' title='bbox 1892 1056 1893 1071; x_wconf 56' lang='lat'>¹</span> 
     </span>
    </p>

    <p class='ocr_par' dir='ltr' id='par_1_5' title="bbox 542 1123 1893 1218">
     <span class='ocr_line' id='line_1_6' title="bbox 542 1123 1893 1218; baseline -0.005 -13"><span class='ocrx_word' id='word_1_43' title='bbox 542 1133 661 1206; x_wconf 86' lang='lat' dir='ltr'>cavit:</span> <span class='ocrx_word' id='word_1_44' title='bbox 680 1126 739 1201; x_wconf 93' lang='lat' dir='ltr'>sed</span> <span class='ocrx_word' id='word_1_45' title='bbox 754 1128 814 1200; x_wconf 88' lang='lat' dir='ltr'>illa</span> <span class='ocrx_word' id='word_1_46' title='bbox 830 1123 961 1199; x_wconf 75' lang='lat' dir='ltr'>etiamst</span> <span class='ocrx_word' id='word_1_47' title='bbox 979 1149 1123 1200; x_wconf 90' lang='lat' dir='ltr'>numero</span> <span class='ocrx_word' id='word_1_48' title='bbox 1145 1124 1322 1218; x_wconf 88' lang='lat' dir='ltr'>superior,</span> <span class='ocrx_word' id='word_1_49' title='bbox 1347 1123 1459 1198; x_wconf 86' lang='lat' dir='ltr'>statim</span> <span class='ocrx_word' id='word_1_50' title='bbox 1477 1127 1623 1208; x_wconf 79' lang='lat' dir='ltr'><strong>cedens,</strong></span> <span class='ocrx_word' id='word_1_51' title='bbox 1646 1128 1739 1198; x_wconf 83' lang='lat' dir='ltr'>intra</span> <span class='ocrx_word' id='word_1_52' title='bbox 1892 1184 1893 1189; x_wconf 65' lang='lat'>,</span> 
     </span>
    </p>

    <p class='ocr_par' dir='ltr' id='par_1_6' title="bbox 515 1217 1738 1316">
     <span class='ocr_line' id='line_1_7' title="bbox 515 1217 1738 1316; baseline -0.007 -15"><span class='ocrx_word' id='word_1_53' title='bbox 515 1277 518 1285; x_wconf 24' lang='lat' dir='ltr'>n</span> <span class='ocrx_word' id='word_1_54' title='bbox 542 1225 621 1302; x_wconf 88' lang='lat' dir='ltr'>suos</span> <span class='ocrx_word' id='word_1_55' title='bbox 636 1223 671 1298; x_wconf 88' lang='lat' dir='ltr'>se</span> <span class='ocrx_word' id='word_1_56' title='bbox 692 1225 816 1296; x_wconf 71' lang='lat' dir='ltr'>limues</span> <span class='ocrx_word' id='word_1_57' title='bbox 836 1225 978 1316; x_wconf 86' lang='lat' dir='ltr'>recepit.</span> <span class='ocrx_word' id='word_1_58' title='bbox 1030 1222 1142 1314; x_wconf 89' lang='lat' dir='ltr'>Quod</span> <span class='ocrx_word' id='word_1_59' title='bbox 1161 1241 1233 1292; x_wconf 91' lang='lat' dir='ltr'>non</span> <span class='ocrx_word' id='word_1_60' title='bbox 1251 1241 1322 1294; x_wconf 87' lang='lat' dir='ltr'>tam</span> <span class='ocrx_word' id='word_1_61' title='bbox 1338 1243 1452 1308; x_wconf 86' lang='lat' dir='ltr'>metu,</span> <span class='ocrx_word' id='word_1_62' title='bbox 1476 1242 1581 1314; x_wconf 87' lang='lat' dir='ltr'>quam</span> <span class='ocrx_word' id='word_1_63' title='bbox 1596 1217 1738 1314; x_wconf 87' lang='lat' dir='ltr'>sponte,</span> 
     </span>
    </p>

    <p class='ocr_par' dir='ltr' id='par_1_7' title="bbox 544 1315 1740 1412">
     <span class='ocr_line' id='line_1_8' title="bbox 544 1315 1740 1412; baseline -0.004 -15"><span class='ocrx_word' id='word_1_64' title='bbox 544 1324 583 1397; x_wconf 73' lang='grc' dir='ltr'>δι</span> <span class='ocrx_word' id='word_1_65' title='bbox 597 1317 757 1394; x_wconf 88' lang='lat' dir='ltr'>consulto</span> <span class='ocrx_word' id='word_1_66' title='bbox 783 1315 913 1392; x_wconf 71' lang='lat' dir='ltr'>fanum</span> <span class='ocrx_word' id='word_1_67' title='bbox 928 1315 1136 1412; x_wconf 85' lang='lat' dir='ltr'>judicatur,</span> <span class='ocrx_word' id='word_1_68' title='bbox 1161 1335 1201 1389; x_wconf 90' lang='lat' dir='ltr'>ut</span> <span class='ocrx_word' id='word_1_69' title='bbox 1222 1315 1407 1411; x_wconf 79' lang='lat' dir='ltr'>Boffitvlton</span> <span class='ocrx_word' id='word_1_70' title='bbox 1423 1318 1564 1412; x_wconf 86' lang='lat' dir='ltr'>longius</span> <span class='ocrx_word' id='word_1_71' title='bbox 1590 1317 1740 1412; x_wconf 63' lang='lat' dir='ltr'>eliceret,</span> 
     </span>
    </p>

    <p class='ocr_par' dir='ltr' id='par_1_8' title="bbox 543 1411 1739 1508">
     <span class='ocr_line' id='line_1_9' title="bbox 543 1411 1739 1508; baseline -0.008 -14"><span class='ocrx_word' id='word_1_72' title='bbox 543 1416 698 1502; x_wconf 63' lang='lat' dir='ltr'>venum,</span> <span class='ocrx_word' id='word_1_73' title='bbox 724 1413 894 1506; x_wconf 74' lang='lat' dir='ltr'>timiam</span> <span class='ocrx_word' id='word_1_74' title='bbox 927 1434 998 1486; x_wconf 91' lang='lat' dir='ltr'>non</span> <span class='ocrx_word' id='word_1_75' title='bbox 1020 1414 1148 1508; x_wconf 90' lang='lat' dir='ltr'>procul</span> <span class='ocrx_word' id='word_1_76' title='bbox 1172 1435 1194 1484; x_wconf 89' lang='lat' dir='ltr'>a</span> <span class='ocrx_word' id='word_1_77' title='bbox 1221 1412 1289 1486; x_wconf 88' lang='lat' dir='ltr'>suis</span> <span class='ocrx_word' id='word_1_78' title='bbox 1319 1411 1568 1486; x_wconf 84' lang='lat' dir='ltr'>munitionibus</span> <span class='ocrx_word' id='word_1_79' title='bbox 1596 1411 1739 1498; x_wconf 86' lang='lat' dir='ltr'>abesset,</span> 
     </span>
    </p>

    <p class='ocr_par' dir='ltr' id='par_1_9' title="bbox 544 1499 1893 1607">
     <span class='ocr_line' id='line_1_10' title="bbox 544 1499 1893 1607; baseline -0.003 -21"><span class='ocrx_word' id='word_1_80' title='bbox 544 1517 638 1588; x_wconf 88' lang='lat' dir='ltr'>unde</span> <span class='ocrx_word' id='word_1_81' title='bbox 658 1509 782 1586; x_wconf 84' lang='lat' dir='ltr'>milites</span> <span class='ocrx_word' id='word_1_82' title='bbox 805 1513 959 1604; x_wconf 86' lang='lat' dir='ltr'>aliaque,</span> <span class='ocrx_word' id='word_1_83' title='bbox 993 1531 1073 1603; x_wconf 85' lang='lat' dir='ltr'>quae</span> <span class='ocrx_word' id='word_1_84' title='bbox 1101 1506 1245 1582; x_wconf 79' lang='lat' dir='ltr'>forsitan</span> <span class='ocrx_word' id='word_1_85' title='bbox 1266 1529 1364 1582; x_wconf 83' lang='lat' dir='ltr'>erant</span> <span class='ocrx_word' id='word_1_86' title='bbox 1389 1505 1595 1597; x_wconf 80' lang='lat' dir='ltr'>necessaria,</span> <span class='ocrx_word' id='word_1_87' title='bbox 1619 1499 1741 1584; x_wconf 92' lang='lat' dir='ltr'>submi·</span> <span class='ocrx_word' id='word_1_88' title='bbox 1765 1539 1775 1554; x_wconf 89' lang='lat'><strong>·</strong></span> <span class='ocrx_word' id='word_1_89' title='bbox 1892 1604 1893 1607; x_wconf 8' lang='grc' dir='ltr'><strong>Ἴ</strong></span> 
     </span>
    </p>

    <p class='ocr_par' dir='ltr' id='par_1_10' title="bbox 546 1603 1741 1704">
     <span class='ocr_line' id='line_1_11' title="bbox 546 1603 1741 1704; baseline -0.003 -22"><span class='ocrx_word' id='word_1_90' title='bbox 546 1605 680 1682; x_wconf 78' lang='lat' dir='ltr'>militari</span> <span class='ocrx_word' id='word_1_91' title='bbox 697 1603 852 1703; x_wconf 84' lang='lat' dir='ltr'>possent,</span> <span class='ocrx_word' id='word_1_92' title='bbox 876 1627 961 1678; x_wconf 85' lang='lat' dir='ltr'>tunc</span> <span class='ocrx_word' id='word_1_93' title='bbox 977 1625 1049 1678; x_wconf 89' lang='lat' dir='ltr'>non</span> <span class='ocrx_word' id='word_1_94' title='bbox 1067 1606 1216 1699; x_wconf 74' lang='lat' dir='ltr'>amplius</span> <span class='ocrx_word' id='word_1_95' title='bbox 1242 1625 1396 1700; x_wconf 83' lang='lat' dir='ltr'>pugnam</span> <span class='ocrx_word' id='word_1_96' title='bbox 1410 1603 1626 1692; x_wconf 70' lang='lat' dir='ltr'>detre‘llttnt,</span> <span class='ocrx_word' id='word_1_97' title='bbox 1649 1621 1741 1704; x_wconf 87' lang='lat' dir='ltr'>prae·</span> 
     </span>
    </p>

    <p class='ocr_par' dir='ltr' id='par_1_11' title="bbox 491 1699 1894 1988">
     <span class='ocr_line' id='line_1_12' title="bbox 491 1699 1746 1798; baseline -0.005 -19"><span class='ocrx_word' id='word_1_98' title='bbox 491 1727 494 1738; x_wconf 85' lang='grc'>’</span> <span class='ocrx_word' id='word_1_99' title='bbox 547 1705 656 1778; x_wconf 83' lang='lat' dir='ltr'>liaudi</span> <span class='ocrx_word' id='word_1_100' title='bbox 674 1701 878 1798; x_wconf 84' lang='lat' dir='ltr'>potestatem</span> <span class='ocrx_word' id='word_1_101' title='bbox 895 1699 1038 1796; x_wconf 71' lang='lat' dir='ltr'>Btffuoir</span> <span class='ocrx_word' id='word_1_102' title='bbox 1054 1699 1140 1774; x_wconf 85' lang='lat' dir='ltr'>fecit</span> <span class='ocrx_word' id='word_1_103' title='bbox 1149 1748 1160 1785; x_wconf 96' lang='lat'>,</span> <span class='ocrx_word' id='word_1_104' title='bbox 1170 1731 1174 1738; x_wconf 96' lang='lat'>·</span> <span class='ocrx_word' id='word_1_105' title='bbox 1186 1703 1248 1793; x_wconf 91' lang='lat' dir='ltr'>qui</span> <span class='ocrx_word' id='word_1_106' title='bbox 1264 1702 1306 1774; x_wconf 72' lang='lat' dir='ltr'>ed</span> <span class='ocrx_word' id='word_1_107' title='bbox 1319 1703 1441 1790; x_wconf 76' lang='lat' dir='ltr'>laetur,</span> <span class='ocrx_word' id='word_1_108' title='bbox 1457 1699 1597 1775; x_wconf 88' lang='lat' dir='ltr'>sortirer</span> <span class='ocrx_word' id='word_1_109' title='bbox 1612 1699 1746 1773; x_wconf 85' lang='lat' dir='ltr'>hostem</span> 
     </span>
     <span class='ocr_line' id='line_1_13' title="bbox 544 1788 1894 1892; baseline 0 -20"><span class='ocrx_word' id='word_1_110' title='bbox 544 1788 694 1882; x_wconf 75' lang='lat' dir='ltr'>invasit,</span> <span class='ocrx_word' id='word_1_111' title='bbox 719 1795 786 1872; x_wconf 85' lang='lat' dir='ltr'>suit</span> <span class='ocrx_word' id='word_1_112' title='bbox 816 1795 944 1884; x_wconf 81' lang='lat' dir='ltr'>sidens,</span> <span class='ocrx_word' id='word_1_113' title='bbox 977 1816 1146 1890; x_wconf 86' lang='lat' dir='ltr'>certoque</span> <span class='ocrx_word' id='word_1_114' title='bbox 1173 1793 1334 1890; x_wconf 77' lang='lat' dir='ltr'>sperant,</span> <span class='ocrx_word' id='word_1_115' title='bbox 1368 1795 1431 1870; x_wconf 89' lang='lat' dir='ltr'>suo</span> <span class='ocrx_word' id='word_1_116' title='bbox 1462 1797 1623 1892; x_wconf 84' lang='lat' dir='ltr'>exemplo</span> <span class='ocrx_word' id='word_1_117' title='bbox 1646 1797 1742 1872; x_wconf 84' lang='lat' dir='ltr'>idern</span> <span class='ocrx_word' id='word_1_118' title='bbox 1883 1814 1894 1860; x_wconf 64' lang='lat'>1</span> 
     </span>
     <span class='ocr_line' id='line_1_14' title="bbox 549 1891 1742 1988; baseline -0.001 -20"><span class='ocrx_word' id='word_1_119' title='bbox 549 1893 723 1979; x_wconf 76' lang='lat' dir='ltr'>faunos,</span> <span class='ocrx_word' id='word_1_120' title='bbox 755 1891 812 1965; x_wconf 87' lang='lat' dir='ltr'>sed</span> <span class='ocrx_word' id='word_1_121' title='bbox 837 1916 881 1968; x_wconf 87' lang='lat' dir='ltr'>ex</span> <span class='ocrx_word' id='word_1_122' title='bbox 912 1891 961 1964; x_wconf 79' lang='lat' dir='ltr'>eis</span> <span class='ocrx_word' id='word_1_123' title='bbox 988 1893 1132 1988; x_wconf 86' lang='lat' dir='ltr'>plurimi</span> <span class='ocrx_word' id='word_1_124' title='bbox 1161 1893 1314 1986; x_wconf 84' lang='lat' dir='ltr'>prilliuae</span> <span class='ocrx_word' id='word_1_125' title='bbox 1337 1895 1479 1965; x_wconf 87' lang='lat' dir='ltr'>virtutis</span> <span class='ocrx_word' id='word_1_126' title='bbox 1505 1895 1742 1980; x_wconf 85' lang='lat' dir='ltr'>immemores,</span> 
     </span>
    </p>

    <p class='ocr_par' dir='ltr' id='par_1_12' title="bbox 375 1985 1894 2485">
     <span class='ocr_line' id='line_1_15' title="bbox 549 1985 1894 2082; baseline -0.001 -18"><span class='ocrx_word' id='word_1_127' title='bbox 549 1989 655 2064; x_wconf 86' lang='lat' dir='ltr'>Duce</span> <span class='ocrx_word' id='word_1_128' title='bbox 677 1985 859 2082; x_wconf 81' lang='lat' dir='ltr'>Boschustt,</span> <span class='ocrx_word' id='word_1_129' title='bbox 881 1989 978 2060; x_wconf 84' lang='lat' dir='ltr'>vices</span> <span class='ocrx_word' id='word_1_130' title='bbox 997 1993 1071 2082; x_wconf 82' lang='lat' dir='ltr'>ejus</span> <span class='ocrx_word' id='word_1_131' title='bbox 1091 2008 1252 2082; x_wconf 81' lang='lat' dir='ltr'>gerente,</span> <span class='ocrx_word' id='word_1_132' title='bbox 1275 1986 1373 2060; x_wconf 75' lang='lat' dir='ltr'>soedd</span> <span class='ocrx_word' id='word_1_133' title='bbox 1404 1990 1567 2077; x_wconf 91' lang='lat' dir='ltr'>nimium,</span> <span class='ocrx_word' id='word_1_134' title='bbox 1594 1989 1633 2062; x_wconf 89' lang='lat'>&amp;</span> <span class='ocrx_word' id='word_1_135' title='bbox 1648 1987 1746 2063; x_wconf 85' lang='lat' dir='ltr'>forst·</span> <span class='ocrx_word' id='word_1_136' title='bbox 1893 2006 1894 2017; x_wconf 57' lang='lat'>¹</span> 
     </span>
     <span class='ocr_line' id='line_1_16' title="bbox 376 2081 1806 2187; baseline 0.001 -28"><span class='ocrx_word' id='word_1_137' title='bbox 376 2083 520 2187; x_wconf 53' lang='lat' dir='ltr'>clads&amp;</span> <span class='ocrx_word' id='word_1_138' title='bbox 550 2106 609 2160; x_wconf 88' lang='lat' dir='ltr'>tan</span> <span class='ocrx_word' id='word_1_139' title='bbox 627 2085 749 2182; x_wconf 87' lang='lat' dir='ltr'>sponte</span> <span class='ocrx_word' id='word_1_140' title='bbox 762 2081 882 2180; x_wconf 83' lang='lat' dir='ltr'>sugam</span> <span class='ocrx_word' id='word_1_141' title='bbox 894 2084 1082 2178; x_wconf 80' lang='lat' dir='ltr'>arripuere.</span> <span class='ocrx_word' id='word_1_142' title='bbox 1133 2083 1257 2182; x_wconf 87' lang='lat' dir='ltr'>ltaque</span> <span class='ocrx_word' id='word_1_143' title='bbox 1282 2081 1435 2180; x_wconf 80' lang='lat' dir='ltr'>Boffityttt</span> <span class='ocrx_word' id='word_1_144' title='bbox 1454 2081 1560 2158; x_wconf 73' lang='lat' dir='ltr'>isuis</span> <span class='ocrx_word' id='word_1_145' title='bbox 1574 2084 1747 2176; x_wconf 85' lang='lat' dir='ltr'>desertus,</span> <span class='ocrx_word' id='word_1_146' title='bbox 1800 2137 1806 2146; x_wconf 84' lang='lat'>-</span> 
     </span>
     <span class='ocr_line' id='line_1_17' title="bbox 376 2176 1894 2280; baseline 0.004 -29"><span class='ocrx_word' id='word_1_147' title='bbox 376 2176 521 2266; x_wconf 55' lang='grc' dir='ltr'>’ΜΝ</span> <span class='ocrx_word' id='word_1_148' title='bbox 553 2205 633 2260; x_wconf 87' lang='lat' dir='ltr'>cum</span> <span class='ocrx_word' id='word_1_149' title='bbox 649 2181 771 2278; x_wconf 83' lang='lat' dir='ltr'>paucis</span> <span class='ocrx_word' id='word_1_150' title='bbox 783 2230 795 2266; x_wconf 97' lang='lat'>,</span> <span class='ocrx_word' id='word_1_151' title='bbox 820 2182 879 2275; x_wconf 90' lang='lat' dir='ltr'>qui</span> <span class='ocrx_word' id='word_1_152' title='bbox 899 2177 1094 2254; x_wconf 84' lang='lat' dir='ltr'>constanter</span> <span class='ocrx_word' id='word_1_153' title='bbox 1103 2203 1183 2255; x_wconf 87' lang='lat' dir='ltr'>eum</span> <span class='ocrx_word' id='word_1_154' title='bbox 1198 2204 1297 2255; x_wconf 84' lang='lat' dir='ltr'>erant</span> <span class='ocrx_word' id='word_1_155' title='bbox 1306 2180 1434 2266; x_wconf 87' lang='lat' dir='ltr'>secuti,</span> <span class='ocrx_word' id='word_1_156' title='bbox 1459 2205 1537 2256; x_wconf 89' lang='lat' dir='ltr'>cum</span> <span class='ocrx_word' id='word_1_157' title='bbox 1555 2201 1647 2257; x_wconf 81' lang='lat' dir='ltr'>totae</span> <span class='ocrx_word' id='word_1_158' title='bbox 1663 2203 1748 2280; x_wconf 84' lang='lat' dir='ltr'>qua·</span> <span class='ocrx_word' id='word_1_159' title='bbox 1893 2190 1894 2197; x_wconf 78' lang='grc'>’</span> 
     </span>
     <span class='ocr_line' id='line_1_18' title="bbox 377 2253 1894 2406; baseline -0.001 -51"><span class='ocrx_word' id='word_1_160' title='bbox 377 2253 510 2406; x_wconf 53' lang='lat' dir='ltr'>mo}-</span> <span class='ocrx_word' id='word_1_161' title='bbox 553 2299 656 2369; x_wconf 90' lang='lat' dir='ltr'>tuor,</span> <span class='ocrx_word' id='word_1_162' title='bbox 680 2300 721 2352; x_wconf 83' lang='lat' dir='ltr'>ac</span> <span class='ocrx_word' id='word_1_163' title='bbox 735 2277 863 2371; x_wconf 87' lang='lat' dir='ltr'>viginti</span> <span class='ocrx_word' id='word_1_164' title='bbox 880 2279 1009 2360; x_wconf 84' lang='lat' dir='ltr'>horas,</span> <span class='ocrx_word' id='word_1_165' title='bbox 1032 2297 1187 2372; x_wconf 72' lang='lat' dir='ltr'>pugnam</span> <span class='ocrx_word' id='word_1_166' title='bbox 1205 2274 1427 2361; x_wconf 87' lang='lat' dir='ltr'>sustinuisset,</span> <span class='ocrx_word' id='word_1_167' title='bbox 1452 2278 1611 2372; x_wconf 76' lang='lat' dir='ltr'>plurimis</span> <span class='ocrx_word' id='word_1_168' title='bbox 1626 2277 1747 2354; x_wconf 81' lang='lat' dir='ltr'>exsuis</span> <span class='ocrx_word' id='word_1_169' title='bbox 1893 2354 1894 2369; x_wconf 54' lang='grc'>,</span> 
     </span>
     <span class='ocr_line' id='line_1_19' title="bbox 375 2369 1894 2485; baseline -0.003 -34"><span class='ocrx_word' id='word_1_170' title='bbox 375 2408 420 2485; x_wconf 65' lang='lat' dir='ltr'>p,</span> <span class='ocrx_word' id='word_1_171' title='bbox 556 2373 694 2460; x_wconf 75' lang='lat' dir='ltr'>amlffis,</span> <span class='ocrx_word' id='word_1_172' title='bbox 720 2374 834 2446; x_wconf 84' lang='lat' dir='ltr'>multit</span> <span class='ocrx_word' id='word_1_173' title='bbox 859 2369 1002 2458; x_wconf 72' lang='lat' dir='ltr'>saucit,</span> <span class='ocrx_word' id='word_1_174' title='bbox 1015 2377 1156 2446; x_wconf 84' lang='lat' dir='ltr'>tandem</span> <span class='ocrx_word' id='word_1_175' title='bbox 1169 2372 1298 2447; x_wconf 85' lang='lat' dir='ltr'>dedere</span> <span class='ocrx_word' id='word_1_176' title='bbox 1310 2370 1346 2446; x_wconf 89' lang='lat' dir='ltr'>se</span> <span class='ocrx_word' id='word_1_177' title='bbox 1358 2371 1521 2461; x_wconf 74' lang='lat' dir='ltr'>coactus,</span> <span class='ocrx_word' id='word_1_178' title='bbox 1547 2379 1583 2449; x_wconf 93' lang='lat' dir='ltr'>iu</span> <span class='ocrx_word' id='word_1_179' title='bbox 1601 2373 1752 2448; x_wconf 85' lang='lat' dir='ltr'>hostium</span> <span class='ocrx_word' id='word_1_180' title='bbox 1893 2380 1894 2461; x_wconf 79' lang='lat' dir='ltr'>l</span> 
     </span>
    </p>

    <p class='ocr_par' dir='ltr' id='par_1_13' title="bbox 554 2463 1896 2763">
     <span class='ocr_line' id='line_1_20' title="bbox 583 2463 1894 2569; baseline -0.001 -22"><span class='ocrx_word' id='word_1_181' title='bbox 583 2471 761 2548; x_wconf 78' lang='lat' dir='ltr'>otestttem</span> <span class='ocrx_word' id='word_1_182' title='bbox 777 2469 884 2542; x_wconf 81' lang='lat' dir='ltr'>venit</span> <span class='ocrx_word' id='word_1_183' title='bbox 909 2465 971 2542; x_wconf 92' lang='lat' dir='ltr'>Ob</span> <span class='ocrx_word' id='word_1_184' title='bbox 982 2463 1223 2542; x_wconf 88' lang='lat' dir='ltr'>fortitudinem</span> <span class='ocrx_word' id='word_1_185' title='bbox 1240 2470 1290 2542; x_wconf 92' lang='lat' dir='ltr'>ibi</span> <span class='ocrx_word' id='word_1_186' title='bbox 1305 2468 1472 2543; x_wconf 85' lang='lat' dir='ltr'>ostensam</span> <span class='ocrx_word' id='word_1_187' title='bbox 1506 2472 1593 2568; x_wconf 84' lang='lat' dir='ltr'>lotia</span> <span class='ocrx_word' id='word_1_188' title='bbox 1605 2472 1749 2569; x_wconf 80' lang='lat' dir='ltr'>dignus:</span> <span class='ocrx_word' id='word_1_189' title='bbox 1893 2514 1894 2545; x_wconf 65' lang='lat' dir='ltr'>t</span> 
     </span>
     <span class='ocr_line' id='line_1_21' title="bbox 594 2493 1896 2661; baseline -0.002 -17"><span class='ocrx_word' id='word_1_190' title='bbox 594 2591 690 2644; x_wconf 86' lang='lat' dir='ltr'>erum</span> <span class='ocrx_word' id='word_1_191' title='bbox 704 2565 751 2639; x_wconf 82' lang='lat' dir='ltr'>in</span> <span class='ocrx_word' id='word_1_192' title='bbox 780 2587 824 2639; x_wconf 88' lang='lat' dir='ltr'>eo</span> <span class='ocrx_word' id='word_1_193' title='bbox 849 2563 1118 2661; x_wconf 76' lang='lat' dir='ltr'>reprehensorie</span> <span class='ocrx_word' id='word_1_194' title='bbox 1148 2587 1220 2640; x_wconf 90' lang='lat' dir='ltr'>non</span> <span class='ocrx_word' id='word_1_195' title='bbox 1247 2588 1388 2649; x_wconf 75' lang='lat' dir='ltr'>careno,</span> <span class='ocrx_word' id='word_1_196' title='bbox 1407 2493 1506 2660; x_wconf 53' lang='lat' dir='ltr'>quo}</span> <span class='ocrx_word' id='word_1_197' title='bbox 1530 2587 1639 2652; x_wconf 86' lang='lat' dir='ltr'>tunc,</span> <span class='ocrx_word' id='word_1_198' title='bbox 1673 2572 1752 2643; x_wconf 84' lang='lat' dir='ltr'>cuni</span> <span class='ocrx_word' id='word_1_199' title='bbox 1893 2550 1896 2624; x_wconf 49' lang='grc' dir='ltr'><strong>ἶ</strong></span> 
     </span>
     <span class='ocr_line' id='line_1_22' title="bbox 554 2659 1896 2763; baseline -0.001 -23"><span class='ocrx_word' id='word_1_200' title='bbox 554 2663 689 2740; x_wconf 88' lang='lat' dir='ltr'>hollem</span> <span class='ocrx_word' id='word_1_201' title='bbox 704 2663 829 2757; x_wconf 91' lang='lat' dir='ltr'>procul</span> <span class='ocrx_word' id='word_1_202' title='bbox 849 2659 870 2734; x_wconf 76' lang='lat' dir='ltr'>l</span> <span class='ocrx_word' id='word_1_203' title='bbox 900 2661 967 2735; x_wconf 84' lang='lat' dir='ltr'>suis</span> <span class='ocrx_word' id='word_1_204' title='bbox 993 2683 1115 2763; x_wconf 49' lang='lat' dir='ltr'>prope,</span> <span class='ocrx_word' id='word_1_205' title='bbox 1131 2659 1432 2756; x_wconf 82' lang='lat' dir='ltr'>Amllerodamum</span> <span class='ocrx_word' id='word_1_206' title='bbox 1460 2661 1601 2737; x_wconf 78' lang='lat' dir='ltr'>obviam</span> <span class='ocrx_word' id='word_1_207' title='bbox 1617 2661 1754 2740; x_wconf 78' lang='lat' dir='ltr'>habuis·</span> <span class='ocrx_word' id='word_1_208' title='bbox 1894 2683 1896 2712; x_wconf 82' lang='lat'><strong>¹</strong></span> 
     </span>
    </p>

    <p class='ocr_par' dir='ltr' id='par_1_14' title="bbox 556 2753 1896 2857">
     <span class='ocr_line' id='line_1_23' title="bbox 556 2753 1896 2857; baseline -0.004 -20"><span class='ocrx_word' id='word_1_209' title='bbox 556 2760 630 2848; x_wconf 86' lang='lat' dir='ltr'>set,</span> <span class='ocrx_word' id='word_1_210' title='bbox 653 2781 726 2835; x_wconf 88' lang='lat' dir='ltr'>non</span> <span class='ocrx_word' id='word_1_211' title='bbox 739 2753 943 2855; x_wconf 84' lang='lat' dir='ltr'>pugnasset,</span> <span class='ocrx_word' id='word_1_212' title='bbox 964 2758 1105 2853; x_wconf 76' lang='lat' dir='ltr'>jamque</span> <span class='ocrx_word' id='word_1_213' title='bbox 1121 2760 1360 2852; x_wconf 75' lang='lat' dir='ltr'>imprudenter</span> <span class='ocrx_word' id='word_1_214' title='bbox 1379 2779 1460 2832; x_wconf 85' lang='lat' dir='ltr'>cunt</span> <span class='ocrx_word' id='word_1_215' title='bbox 1481 2759 1580 2834; x_wconf 87' lang='lat' dir='ltr'>hoste</span> <span class='ocrx_word' id='word_1_216' title='bbox 1598 2758 1757 2857; x_wconf 85' lang='lat' dir='ltr'>congres-</span> <span class='ocrx_word' id='word_1_217' title='bbox 1894 2759 1896 2844; x_wconf 70' lang='lat' dir='ltr'>l</span> 
     </span>
    </p>

    <p class='ocr_par' dir='ltr' id='par_1_15' title="bbox 557 2851 1896 2949">
     <span class='ocr_line' id='line_1_24' title="bbox 557 2851 1896 2949; baseline -0.001 -16"><span class='ocrx_word' id='word_1_218' title='bbox 557 2857 612 2934; x_wconf 88' lang='lat' dir='ltr'>sus</span> <span class='ocrx_word' id='word_1_219' title='bbox 627 2853 733 2941; x_wconf 86' lang='lat' dir='ltr'>esset,</span> <span class='ocrx_word' id='word_1_220' title='bbox 757 2869 837 2928; x_wconf 79' lang='lat' dir='ltr'>tum</span> <span class='ocrx_word' id='word_1_221' title='bbox 862 2873 1022 2928; x_wconf 83' lang='lat' dir='ltr'>econtra</span> <span class='ocrx_word' id='word_1_222' title='bbox 1046 2852 1119 2948; x_wconf 89' lang='lat' dir='ltr'>ipse</span> <span class='ocrx_word' id='word_1_223' title='bbox 1136 2856 1241 2949; x_wconf 81' lang='lat' dir='ltr'>longe</span> <span class='ocrx_word' id='word_1_224' title='bbox 1257 2880 1277 2928; x_wconf 84' lang='lat' dir='ltr'>a</span> <span class='ocrx_word' id='word_1_225' title='bbox 1291 2853 1358 2927; x_wconf 80' lang='lat' dir='ltr'>suit</span> <span class='ocrx_word' id='word_1_226' title='bbox 1373 2851 1521 2927; x_wconf 78' lang='lat' dir='ltr'>abesset:</span> <span class='ocrx_word' id='word_1_227' title='bbox 1545 2853 1653 2930; x_wconf 80' lang='lat' dir='ltr'>hostis</span> <span class='ocrx_word' id='word_1_228' title='bbox 1667 2878 1752 2932; x_wconf 87' lang='lat' dir='ltr'>vero</span> <span class='ocrx_word' id='word_1_229' title='bbox 1867 2904 1873 2916; x_wconf 88' lang='lat'><strong>·</strong></span> <span class='ocrx_word' id='word_1_230' title='bbox 1894 2859 1896 2868; x_wconf 87' lang='lat'>&#39;</span> 
     </span>
    </p>

    <p class='ocr_par' dir='ltr' id='par_1_16' title="bbox 559 2950 1754 3049">
     <span class='ocr_line' id='line_1_25' title="bbox 559 2950 1754 3049; baseline -0.001 -22"><span class='ocrx_word' id='word_1_231' title='bbox 559 2957 651 3028; x_wconf 84' lang='lat' dir='ltr'>inter</span> <span class='ocrx_word' id='word_1_232' title='bbox 666 2951 766 3033; x_wconf 84' lang='lat' dir='ltr'>suot,</span> <span class='ocrx_word' id='word_1_233' title='bbox 789 2971 938 3046; x_wconf 88' lang='lat' dir='ltr'>quorum</span> <span class='ocrx_word' id='word_1_234' title='bbox 973 2950 1122 3034; x_wconf 84' lang='lat' dir='ltr'>auxilio,</span> <span class='ocrx_word' id='word_1_235' title='bbox 1146 2953 1301 3047; x_wconf 87' lang='lat' dir='ltr'>undique</span> <span class='ocrx_word' id='word_1_236' title='bbox 1327 2951 1557 3040; x_wconf 83' lang='lat' dir='ltr'>fulciebatur,</span> <span class='ocrx_word' id='word_1_237' title='bbox 1580 2954 1754 3049; x_wconf 72' lang='lat' dir='ltr'>praeliare-</span> 
     </span>
    </p>

    <p class='ocr_par' dir='ltr' id='par_1_17' title="bbox 558 3041 1755 3140">
     <span class='ocr_line' id='line_1_26' title="bbox 558 3041 1755 3140; baseline -0.003 -18"><span class='ocrx_word' id='word_1_238' title='bbox 558 3068 627 3122; x_wconf 83' lang='lat' dir='ltr'>tur.</span> <span class='ocrx_word' id='word_1_239' title='bbox 659 3045 816 3121; x_wconf 81' lang='lat' dir='ltr'>¹Accidit</span> <span class='ocrx_word' id='word_1_240' title='bbox 834 3045 904 3119; x_wconf 88' lang='lat' dir='ltr'>hoc</span> <span class='ocrx_word' id='word_1_241' title='bbox 920 3044 1034 3140; x_wconf 74' lang='lat' dir='ltr'>primii</span> <span class='ocrx_word' id='word_1_242' title='bbox 1050 3041 1229 3120; x_wconf 73' lang='lat' dir='ltr'>Otiobris.</span> <span class='ocrx_word' id='word_1_243' title='bbox 1278 3048 1422 3120; x_wconf 82' lang='lat' dir='ltr'>Albanus</span> <span class='ocrx_word' id='word_1_244' title='bbox 1436 3049 1524 3122; x_wconf 85' lang='lat' dir='ltr'>verd</span> <span class='ocrx_word' id='word_1_245' title='bbox 1548 3047 1642 3120; x_wconf 86' lang='lat' dir='ltr'>hisce</span> <span class='ocrx_word' id='word_1_246' title='bbox 1667 3050 1755 3123; x_wconf 90' lang='lat' dir='ltr'>duo·</span> 
     </span>
    </p>

    <p class='ocr_par' dir='ltr' id='par_1_18' title="bbox 494 3137 1649 3238">
     <span class='ocr_line' id='line_1_27' title="bbox 494 3137 1649 3238; baseline 0.003 -28"><span class='ocrx_word' id='word_1_247' title='bbox 494 3199 502 3210; x_wconf 91' lang='lat'>.</span> <span class='ocrx_word' id='word_1_248' title='bbox 559 3145 627 3222; x_wconf 80' lang='lat' dir='ltr'>bur</span> <span class='ocrx_word' id='word_1_249' title='bbox 643 3137 780 3216; x_wconf 81' lang='lat' dir='ltr'>sinistris</span> <span class='ocrx_word' id='word_1_250' title='bbox 795 3138 1226 3217; x_wconf 80' lang='lat' dir='ltr'>sucteffibusHollandico</span> <span class='ocrx_word' id='word_1_251' title='bbox 1240 3142 1337 3217; x_wconf 88' lang='lat' dir='ltr'>bello</span> <span class='ocrx_word' id='word_1_252' title='bbox 1352 3141 1458 3216; x_wconf 87' lang='lat' dir='ltr'>finem</span> <span class='ocrx_word' id='word_1_253' title='bbox 1477 3139 1649 3238; x_wconf 90' lang='lat' dir='ltr'>imposuit.</span> 
     </span>
    </p>

    <p class='ocr_par' dir='ltr' id='par_1_19' title="bbox 403 3237 1896 3528">
     <span class='ocr_line' id='line_1_28' title="bbox 609 3237 1896 3334; baseline 0 -22"><span class='ocrx_word' id='word_1_254' title='bbox 609 3237 720 3314; x_wconf 85' lang='lat' dir='ltr'>LXX.</span> <span class='ocrx_word' id='word_1_255' title='bbox 744 3237 969 3314; x_wconf 82' lang='lat' dir='ltr'>Adventabat</span> <span class='ocrx_word' id='word_1_256' title='bbox 986 3261 1030 3311; x_wconf 86' lang='lat' dir='ltr'>ex</span> <span class='ocrx_word' id='word_1_257' title='bbox 1060 3238 1161 3312; x_wconf 87' lang='lat' dir='ltr'>ltalia</span> <span class='ocrx_word' id='word_1_258' title='bbox 1190 3240 1368 3312; x_wconf 83' lang='lat' dir='ltr'>Lnduuicus</span> <span class='ocrx_word' id='word_1_259' title='bbox 1391 3241 1636 3334; x_wconf 73' lang='lat' dir='ltr'>Requesennittt‘,</span> <span class='ocrx_word' id='word_1_260' title='bbox 1659 3239 1757 3312; x_wconf 85' lang='lat' dir='ltr'>ordi·</span> <span class='ocrx_word' id='word_1_261' title='bbox 1894 3291 1896 3332; x_wconf 75' lang='lat'>,</span> 
     </span>
     <span class='ocr_line' id='line_1_29' title="bbox 523 3331 1896 3431; baseline -0.001 -19"><span class='ocrx_word' id='word_1_262' title='bbox 523 3331 527 3338; x_wconf 77' lang='grc'><strong>’</strong></span> <span class='ocrx_word' id='word_1_263' title='bbox 561 3337 616 3412; x_wconf 83' lang='lat' dir='ltr'>nis</span> <span class='ocrx_word' id='word_1_264' title='bbox 638 3335 712 3410; x_wconf 90' lang='lat' dir='ltr'>divi</span> <span class='ocrx_word' id='word_1_265' title='bbox 744 3334 871 3426; x_wconf 85' lang='lat' dir='ltr'>Jteobi</span> <span class='ocrx_word' id='word_1_266' title='bbox 902 3357 1046 3431; x_wconf 79' lang='lat' dir='ltr'>maguus</span> <span class='ocrx_word' id='word_1_267' title='bbox 1074 3335 1366 3424; x_wconf 82' lang='lat' dir='ltr'>Commendamr,</span> <span class='ocrx_word' id='word_1_268' title='bbox 1398 3335 1503 3430; x_wconf 85' lang='lat' dir='ltr'>¹quem</span> <span class='ocrx_word' id='word_1_269' title='bbox 1530 3335 1692 3431; x_wconf 77' lang='lat' dir='ltr'>Philippus</span> <span class='ocrx_word' id='word_1_270' title='bbox 1720 3339 1758 3410; x_wconf 91' lang='lat' dir='ltr'>in</span> <span class='ocrx_word' id='word_1_271' title='bbox 1894 3355 1896 3362; x_wconf 60' lang='lat'><em>²</em></span> 
     </span>
     <span class='ocr_line' id='line_1_30' title="bbox 403 3430 1759 3528; baseline -0.002 -19"><span class='ocrx_word' id='word_1_272' title='bbox 403 3475 411 3492; x_wconf 90' lang='lat'><strong>·</strong></span> <span class='ocrx_word' id='word_1_273' title='bbox 562 3430 720 3509; x_wconf 84' lang='lat' dir='ltr'>instituto</span> <span class='ocrx_word' id='word_1_274' title='bbox 743 3453 969 3527; x_wconf 88' lang='lat' dir='ltr'>permanens,</span> <span class='ocrx_word' id='word_1_275' title='bbox 993 3433 1151 3504; x_wconf 79' lang='lat' dir='ltr'>Albanum</span> <span class='ocrx_word' id='word_1_276' title='bbox 1173 3457 1193 3506; x_wconf 85' lang='lat' dir='ltr'>a</span> <span class='ocrx_word' id='word_1_277' title='bbox 1218 3431 1387 3527; x_wconf 89' lang='lat' dir='ltr'>regimine</span> <span class='ocrx_word' id='word_1_278' title='bbox 1409 3433 1613 3506; x_wconf 84' lang='lat' dir='ltr'>removendi</span> <span class='ocrx_word' id='word_1_279' title='bbox 1627 3436 1665 3506; x_wconf 90' lang='lat' dir='ltr'>in</span> <span class='ocrx_word' id='word_1_280' title='bbox 1684 3432 1759 3528; x_wconf 74' lang='lat' dir='ltr'>ejus</span> 
     </span>
    </p>

    <p class='ocr_par' dir='ltr' id='par_1_20' title="bbox 563 3526 1760 3628">
     <span class='ocr_line' id='line_1_31' title="bbox 563 3526 1760 3628; baseline -0.002 -22"><span class='ocrx_word' id='word_1_281' title='bbox 563 3529 683 3606; x_wconf 90' lang='lat' dir='ltr'>locum</span> <span class='ocrx_word' id='word_1_282' title='bbox 700 3526 970 3624; x_wconf 80' lang='lat' dir='ltr'>surrogaverat,</span> <span class='ocrx_word' id='word_1_283' title='bbox 993 3531 1109 3604; x_wconf 88' lang='lat' dir='ltr'>virum</span> <span class='ocrx_word' id='word_1_284' title='bbox 1123 3531 1273 3625; x_wconf 84' lang='lat' dir='ltr'>negotiis</span> <span class='ocrx_word' id='word_1_285' title='bbox 1298 3537 1443 3623; x_wconf 83' lang='lat' dir='ltr'>aptum,</span> <span class='ocrx_word' id='word_1_286' title='bbox 1468 3529 1506 3602; x_wconf 74' lang='grc' dir='ltr'>δι</span> <span class='ocrx_word' id='word_1_287' title='bbox 1535 3551 1639 3624; x_wconf 89' lang='lat' dir='ltr'>quem</span> <span class='ocrx_word' id='word_1_288' title='bbox 1665 3531 1760 3628; x_wconf 89' lang='lat' dir='ltr'>inge·</span> 
     </span>
    </p>

    <p class='ocr_par' dir='ltr' id='par_1_21' title="bbox 565 3623 1760 3720">
     <span class='ocr_line' id='line_1_32' title="bbox 565 3623 1760 3720; baseline 0.003 -25"><span class='ocrx_word' id='word_1_289' title='bbox 565 3625 633 3720; x_wconf 82' lang='lat' dir='ltr'>niir</span> <span class='ocrx_word' id='word_1_290' title='bbox 658 3623 810 3720; x_wconf 80' lang='lat' dir='ltr'>Belgicis</span> <span class='ocrx_word' id='word_1_291' title='bbox 840 3626 982 3700; x_wconf 88' lang='lat' dir='ltr'>omnino</span> <span class='ocrx_word' id='word_1_292' title='bbox 1001 3625 1147 3719; x_wconf 86' lang='lat' dir='ltr'>putabat</span> <span class='ocrx_word' id='word_1_293' title='bbox 1176 3627 1499 3710; x_wconf 82' lang='lat' dir='ltr'>accommodatum,</span> <span class='ocrx_word' id='word_1_294' title='bbox 1523 3645 1596 3698; x_wconf 80' lang='lat' dir='ltr'>tarn</span> <span class='ocrx_word' id='word_1_295' title='bbox 1623 3626 1760 3700; x_wconf 78' lang='lat' dir='ltr'>facilem</span> 
     </span>
    </p>

    <p class='ocr_par' dir='ltr' id='par_1_22' title="bbox 567 3721 1762 3816">
     <span class='ocr_line' id='line_1_33' title="bbox 567 3721 1762 3816; baseline -0.002 -18"><span class='ocrx_word' id='word_1_296' title='bbox 567 3741 706 3808; x_wconf 83' lang='lat' dir='ltr'>tamen,</span> <span class='ocrx_word' id='word_1_297' title='bbox 732 3739 871 3814; x_wconf 88' lang='lat' dir='ltr'>tamque</span> <span class='ocrx_word' id='word_1_298' title='bbox 894 3723 950 3796; x_wconf 82' lang='lat' dir='ltr'>-illi</span> <span class='ocrx_word' id='word_1_299' title='bbox 972 3721 1072 3795; x_wconf 84' lang='lat' dir='ltr'>alteri</span> <span class='ocrx_word' id='word_1_300' title='bbox 1087 3721 1223 3797; x_wconf 83' lang='lat' dir='ltr'>bellicae</span> <span class='ocrx_word' id='word_1_301' title='bbox 1235 3723 1375 3796; x_wconf 82' lang='lat' dir='ltr'>virtutis</span> <span class='ocrx_word' id='word_1_302' title='bbox 1391 3721 1560 3816; x_wconf 86' lang='lat' dir='ltr'>opinione</span> <span class='ocrx_word' id='word_1_303' title='bbox 1574 3721 1762 3796; x_wconf 77' lang='lat' dir='ltr'>dissimilent</span> 
     </span>
    </p>

    <p class='ocr_par' dir='ltr' id='par_1_23' title="bbox 569 3816 1762 3916">
     <span class='ocr_line' id='line_1_34' title="bbox 569 3816 1762 3916; baseline -0.005 -22"><span class='ocrx_word' id='word_1_304' title='bbox 569 3838 608 3894; x_wconf 90' lang='lat' dir='ltr'>ut</span> <span class='ocrx_word' id='word_1_305' title='bbox 622 3819 724 3892; x_wconf 91' lang='lat' dir='ltr'>multi</span> <span class='ocrx_word' id='word_1_306' title='bbox 734 3816 945 3912; x_wconf 86' lang='lat' dir='ltr'>judicarint,</span> <span class='ocrx_word' id='word_1_307' title='bbox 968 3817 1108 3912; x_wconf 79' lang='lat' dir='ltr'>poster,</span> <span class='ocrx_word' id='word_1_308' title='bbox 1134 3819 1268 3915; x_wconf 81' lang='lat' dir='ltr'>Regem</span> <span class='ocrx_word' id='word_1_309' title='bbox 1283 3817 1393 3913; x_wconf 74' lang='lat' dir='ltr'>longe</span> <span class='ocrx_word' id='word_1_310' title='bbox 1428 3816 1572 3905; x_wconf 85' lang='lat' dir='ltr'>errasse,</span> <span class='ocrx_word' id='word_1_311' title='bbox 1595 3821 1690 3916; x_wconf 88' lang='lat' dir='ltr'>quod</span> <span class='ocrx_word' id='word_1_312' title='bbox 1702 3817 1762 3890; x_wconf 71' lang='lat' dir='ltr'>Al:</span> 
     </span>
    </p>

    <p class='ocr_par' dir='ltr' id='par_1_24' title="bbox 570 3912 1760 4018">
     <span class='ocr_line' id='line_1_35' title="bbox 570 3912 1760 4018; baseline 0.002 -32"><span class='ocrx_word' id='word_1_313' title='bbox 570 3915 733 4018; x_wconf 74' lang='lat' dir='ltr'>hanoea,</span> <span class='ocrx_word' id='word_1_314' title='bbox 756 3936 839 4009; x_wconf 80' lang='lat' dir='ltr'>quae</span> <span class='ocrx_word' id='word_1_315' title='bbox 854 3917 889 3986; x_wconf 92' lang='lat' dir='ltr'>in</span> <span class='ocrx_word' id='word_1_316' title='bbox 909 3912 1035 4009; x_wconf 81' lang='lat' dir='ltr'>Belgio</span> <span class='ocrx_word' id='word_1_317' title='bbox 1051 3915 1253 4011; x_wconf 81' lang='lat' dir='ltr'>perdiderat</span> <span class='ocrx_word' id='word_1_318' title='bbox 1274 3913 1511 4010; x_wconf 86' lang='lat' dir='ltr'>(praesertim,</span> <span class='ocrx_word' id='word_1_319' title='bbox 1543 3937 1623 3990; x_wconf 88' lang='lat' dir='ltr'>cum</span> <span class='ocrx_word' id='word_1_320' title='bbox 1645 3914 1760 4016; x_wconf 79' lang='lat' dir='ltr'>omnia</span> 
     </span>
    </p>

    <p class='ocr_par' dir='ltr' id='par_1_25' title="bbox 571 4007 1763 4108">
     <span class='ocr_line' id='line_1_36' title="bbox 571 4007 1763 4108; baseline 0.003 -28"><span class='ocrx_word' id='word_1_321' title='bbox 571 4028 673 4080; x_wconf 79' lang='lat' dir='ltr'>tumn</span> <span class='ocrx_word' id='word_1_322' title='bbox 700 4007 805 4084; x_wconf 84' lang='lat' dir='ltr'>essent</span> <span class='ocrx_word' id='word_1_323' title='bbox 832 4013 988 4108; x_wconf 81' lang='lat' dir='ltr'>agenda,</span> <span class='ocrx_word' id='word_1_324' title='bbox 1024 4027 1171 4108; x_wconf 90' lang='lat' dir='ltr'>quorum</span> <span class='ocrx_word' id='word_1_325' title='bbox 1198 4011 1257 4087; x_wconf 88' lang='lat' dir='ltr'>ille</span> <span class='ocrx_word' id='word_1_326' title='bbox 1285 4008 1371 4097; x_wconf 89' lang='lat' dir='ltr'>usu,</span> <span class='ocrx_word' id='word_1_327' title='bbox 1397 4034 1438 4088; x_wconf 89' lang='lat' dir='ltr'>ac</span> <span class='ocrx_word' id='word_1_328' title='bbox 1468 4010 1628 4099; x_wconf 86' lang='lat' dir='ltr'>scientia,</span> <span class='ocrx_word' id='word_1_329' title='bbox 1663 4011 1763 4086; x_wconf 80' lang='lat' dir='ltr'>alteri</span> 
     </span>
    </p>

    <p class='ocr_par' dir='ltr' id='par_1_26' title="bbox 570 4101 1764 4209">
     <span class='ocr_line' id='line_1_37' title="bbox 570 4101 1764 4209; baseline -0.001 -31"><span class='ocrx_word' id='word_1_330' title='bbox 570 4101 679 4199; x_wconf 75' lang='lat' dir='ltr'>longe</span> <span class='ocrx_word' id='word_1_331' title='bbox 697 4106 907 4204; x_wconf 78' lang='lat' dir='ltr'>prestabat)</span> <span class='ocrx_word' id='word_1_332' title='bbox 931 4129 1140 4204; x_wconf 82' lang='lat' dir='ltr'>recuperare</span> <span class='ocrx_word' id='word_1_333' title='bbox 1153 4133 1225 4186; x_wconf 92' lang='lat' dir='ltr'>non</span> <span class='ocrx_word' id='word_1_334' title='bbox 1240 4107 1442 4207; x_wconf 81' lang='lat' dir='ltr'>permiserit</span> <span class='ocrx_word' id='word_1_335' title='bbox 1492 4109 1698 4208; x_wconf 72' lang='lat' dir='ltr'>Reqursennt&#39;t</span> <span class='ocrx_word' id='word_1_336' title='bbox 1720 4106 1764 4209; x_wconf 86' lang='lat' dir='ltr'>in</span> 
     </span>
    </p>

    <p class='ocr_par' dir='ltr' id='par_1_27' title="bbox 573 4197 1765 4378">
     <span class='ocr_line' id='line_1_38' title="bbox 573 4197 1765 4378; baseline 0.003 -103"><span class='ocrx_word' id='word_1_337' title='bbox 573 4197 725 4276; x_wconf 75' lang='lat' dir='ltr'>adventu</span> <span class='ocrx_word' id='word_1_338' title='bbox 752 4204 936 4300; x_wconf 79' lang='lat' dir='ltr'>imperium</span> <span class='ocrx_word' id='word_1_339' title='bbox 958 4202 1191 4294; x_wconf 68' lang='lat' dir='ltr'>assumendum</span> <span class='ocrx_word' id='word_1_340' title='bbox 1225 4229 1311 4293; x_wconf 83' lang='lat' dir='ltr'>ertt.</span> <span class='ocrx_word' id='word_1_341' title='bbox 1360 4207 1482 4308; x_wconf 51' lang='lat' dir='ltr'>litque</span> <span class='ocrx_word' id='word_1_342' title='bbox 1512 4209 1765 4378; x_wconf 75' lang='lat' dir='ltr'>AlbanutBeuut</span> 
     </span>
    </p>

    <p class='ocr_par' dir='ltr' id='par_1_28' title="bbox 1689 4323 1768 4378">
     <span class='ocr_line' id='line_1_39' title="bbox 1689 4323 1768 4378; baseline -0.025 0"><span class='ocrx_word' id='word_1_343' title='bbox 1689 4323 1768 4378; x_wconf 82' lang='lat' dir='ltr'>tux·</span> 
     </span>
    </p>
   </div>
   <div class='ocr_carea' id='block_1_3' title="bbox 0 0 2034 5167">
    <p class='ocr_par' dir='ltr' id='par_1_29' title="bbox 0 0 2034 5167">
     <span class='ocr_line' id='line_1_40' title="bbox 0 0 2034 5167; baseline 0 0"><span class='ocrx_word' id='word_1_344' title='bbox 0 0 2034 5167; x_wconf 95' lang='lat' dir='ltr'> </span> 
     </span>
    </p>
   </div>
  </div>
 </body>
</html>
