3984 5167
569 526 656 620 404
712 502 747 612 J.
776 496 827 588 B:
851 526 924 590 nu
963 497 1211 592 TASSlS
1253 494 1646 594 COMMENT.

432 726 536 799 ¹579·
573 736 597 773 η
621 696 735 769 venda
754 694 876 768 debita·
890 690 1068 769 contrasla
1084 690 1186 766 causa
1201 693 1307 774 belli,
1334 691 1372 767 δι
1395 693 1764 789 motuumpraeterlto·

573 834 596 870 n
621 815 716 879 rum,
744 792 837 865 'uxta
855 792 1037 863 articulum
1061 792 1232 862 decimum
1250 788 1411 863 ostavum
1426 788 1545 862 Edisti
1570 791 1745 885 perpetui.

621 932 644 964 η
672 817 837 965 ccluv.
865 884 948 962 Nec
963 887 1201 960 onerabuntur
1218 886 1385 980 deinceps
1403 888 1481 959 ullis
1500 886 1644 981 gabellis
1658 939 1670 973 ‚
1684 908 1767 961 con·

572 1021 595 1061 n
621 986 890 1066 tributionibus,
915 981 1252 1148 &impositionibus
1277 983 1395 1070 aliter,
1423 1005 1483 1058 aut
1509 984 1577 1057 alia
1594 981 1707 1055 forma
1724 982 1765 1059 dt

571 1082 772 1169 nuatione,
798 1103 902 1174 quam
918 1102 1025 1153 onera
1050 1100 1152 1150 antur
1174 1098 1331 1172 tempore
1359 1079 1396 1152 δι
1422 1080 1571 1175 imperio
1591 1083 1765 1174 qnondam

570 1214 594 1251 υ
621 1177 765 1250 Domini
785 1177 821 1251 &
840 1176 952 1249 Patris
972 1173 1078 1247 nostri
1095 1174 1198 1246 Caroli
1214 1175 1353 1275 Quinti,
1386 1175 1423 1250 &
1441 1196 1487 1248 ex
1505 1172 1674 1249 consensu
1686 1172 1763 1251 Sta·

570 1312 593 1347 ‚r
619 1293 715 1349 tuum
729 1270 892 1367 cujusque
916 1269 1110 1343 Provinciae
1130 1266 1339 1364 respestivd.

618 1411 641 1447 r,
667 1368 815 1444 CCXVss
857 1366 989 1440 Omnia
1016 1366 1052 1437 δι
1081 1362 1212 1460 singula
1232 1361 1439 1461 Privilegia,
1464 1362 1583 1452 Usus,
1609 1367 1648 1442 δι
1666 1363 1761 1443 Con·

569 1504 592 1540 n
617 1464 815 1540 suetudines
830 1486 900 1538 tarn
922 1466 956 1537 in
973 1483 1123 1559 genere,
1141 1485 1244 1556 qnam
1260 1459 1448 1557 inspecie,
1465 1462 1765 1553 observabuntur,

534 1576 537 1582 '
569 1598 593 1635 n
619 1562 656 1637 dt
686 1559 817 1657 stquae
842 1562 976 1636 violata
1009 1555 1088 1633 sunt
1119 1561 1371 1655 reparabuntur
1401 1614 1413 1650 ,
1450 1562 1557 1656 inque
1590 1562 1764 1659 integrum

567 1696 591 1734 n
617 1658 848 1734 restituentur.

617 1798 640 1831 r>
666 1752 797 1827 CCVI.
833 1748 949 1826 Diuae
977 1747 1175 1826 Provincias
1192 1751 1423 1825 reconciliata
1441 1750 1647 1826 tenebuntur
1664 1754 1762 1849 jura-
1877 1815 1878 1838 ,

568 1890 600 1923 „-
618 1875 654 1925 re
677 1851 696 1890 ⁸*
720 1851 879 1925 omnibus
896 1847 1215 1943 obligationibus&
1230 1846 1416 1920 foederibus
1432 1846 1531 1923 fastls
1547 1848 1568 1924 i
1583 1851 1761 1947 principio

568 1986 591 2022 n
618 1950 843 2018 mutationum
864 1947 901 2020 δι
918 1968 1074 2018 motuum
1091 1946 1358 2041 praeteritorum.
1877 1977 1878 2026 ss

617 2086 639 2120 η
667 2041 851 2115 CCXVII.
877 2042 927 2113 Etr
942 2044 1024 2137 quia
1046 2040 1165 2114 Status
1189 2040 1339 2114 sentiunt
1358 2037 1394 2112 se
1414 2039 1599 2139 obligatos¹
1616 2041 1762 2115 chartula
1877 2047 1878 2138 ᾗ

568 2178 591 2215 η
618 2160 681 2211 mae
698 2138 816 2211 Sorori
836 2136 962 2211 nostrae
983 2137 1202 2211 Serenilltmae
1211 2138 1359 2231 Reginae
1374 2137 1517 2229 Angue,
1543 2140 1580 2213 &
1605 2137 1760 2212 Illustris⁴
1876 2143 1878 2168 *

387 2320 395 2334 ⁶
477 2302 478 2306 ,
567 2274 591 2311 η
618 2234 700 2307 fimo
720 2230 986 2330 Andaganrnfium
1004 2233 1118 2318 Duci,
1145 2232 1254 2329 Regis
1273 2230 1540 2306 Christianillirui
1551 2234 1665 2307 Fratri
1683 2291 1694 2324 ,
1710 2235 1760 2310 ob

568 2372 592 2405 ‚r
617 2330 794 2426 suppetias
813 2333 855 2405 ab
880 2330 998 2404 iisdem
1013 2347 1197 2426 acceptas,
1222 2332 1396 2402 mittemus
1419 2330 1463 2401 ad
1485 2352 1545 2401 eos
1563 2332 1655 2403 intra
1673 2334 1759 2404 duos

569 2468 592 2503 n
618 2428 749 2502 menses
775 2431 976 2523 proximos,
1002 2430 1064 2523 qui
1079 2425 1245 2522 praestent
1262 2424 1381 2500 nostro
1397 2429 1538 2499 nomine
1554 2430 1672 2499 omnia
1696 2432 1760 2501 hu·

567 2566 591 2602 n
617 2527 787 2599 munitatis
804 2522 938 2607 officia,
954 2526 1280 2615 continuabiturque
1298 2520 1551 2595 couloederatio
1568 2521 1606 2595 &
1622 2526 1761 2623 pristina

567 2663 591 2697 r,
617 2624 786 2703 amicitia,
814 2645 892 2694 curn
911 2617 1003 2694 diua
1016 2620 1147 2697 Sorore
1158 2618 1272 2693 nostra
1290 2617 1485 2713 reciproce,

619 2760 640 2793 ‚r
667 2718 868 2791 CCXVIll.
898 2717 946 2791 Et
965 2716 1007 2789 ad
1030 2718 1226 2815 augendum
1250 2714 1411 2787 affesium
1425 2717 1462 2789 ὅτ
1477 2715 1758 2793 benevolentiam

569 2855 592 2889 η
620 2838 721 2909 quarn
742 2810 923 2910 Principes
939 2812 1067 2888 debent
1083 2814 1250 2896 subditis,
1276 2812 1312 2885 &
1330 2817 1473 2887 e'contra
1495 2811 1624 2889 subditi
1651 2819 1761 2911 magis

569 2951 602 2985 n·
618 2913 785 2983 inclinent
804 2914 846 2984 ad
863 2911 1121 2983 venerationem
1141 2907 1179 2983 dc
1196 2908 1347 2983 debitam
1363 2910 1596 2983 obedientiam
1604 2907 1759 3005 Principi

569 3047 592 3082 n
618 3004 679 3079 suo
696 3007 844 3078 naturali
860 3006 1107 3099 praestandam,
1133 3004 1217 3079 disti
1243 3003 1365 3077 Status
1391 3005 1411 3078 ὲ
1440 3006 1541 3077 nobis
1566 3004 1759 3079 humillime

570 3144 593 3176 η
619 3103 809 3198 petierunt,
819 3103 855 3177 δι
870 3101 1120 3197 supplicarunt,
1130 3124 1170 3173 ut
1183 3102 1296 3197 prima
1305 3100 1485 3174 occasione
1499 3102 1534 3174 &
1552 3105 1668 3197 primo
1676 3126 1763 3199 quo·

568 3240 591 3275 n
617 3222 686 3294 que
704 3221 861 3294 ternpore
884 3202 1060 3270 mittamus
1081 3200 1114 3269 in
1126 3197 1285 3292 Belgium
1305 3220 1412 3269 unum
1430 3220 1475 3269 ex
1487 3197 1760 3286 liberisnosttis,

569 3338 591 3373 ‚s
617 3320 719 3391 quem
739 3295 920 3369 verisimile
947 3292 987 3366 lit
1004 3294 1106 3368 nobis
1131 3292 1364 3367 successurum
1390 3296 1425 3365 in
1456 3295 1589 3367 nostras
1615 3294 1763 3368 Provin-

571 3434 593 3469 υ
619 3396 711 3480 cias,
737 3392 791 3465 uti
807 3392 1040 3464 ibieducetur
1065 3389 1156 3484 (da)
1182 3388 1382 3463 instituatur
1404 3391 1657 3485 juxta‘morem
1676 3388 1767 3488 ipsa·

568 3528 591 3563 n
618 3511 717 3573 rum,
741 3492 778 3559 in
801 3490 896 3559 omni
915 3491 1047 3583 pietate
1060 3486 1260 3575 &uirtute‚
1276 3489 1348 3583 qua
1362 3487 1398 3557 in
1412 3510 1451 3560 re
1466 3488 1670 3563 habebimus
1687 3509 1767 3563 eam

568 3614 601 3660 u-
616 3606 721 3679 quam
740 3604 883 3677 oportet
898 3584 1078 3657 rationem.

616 3722 639 3760 η
667 3678 826 3754 CCXlX.
854 3678 1100 3754 Consentimus
1119 3680 1239 3762 etiam,
1265 3698 1306 3753 ut
1323 3702 1444 3755 omnes
1466 3676 1681 3768 Provinciae,
1696 3680 1769 3757 Ca⁴

567 3819 594 3855 n
617 3778 803 3864 stellaniae,
831 3779 1005 3853 Civitates
1025 3774 1235 3870 &personae
1252 3776 1485 3851 particulares
1510 3778 1766 3873 nostriBelgii,

567 3914 592 3953 η
617 3876 815 3968 quivolent
833 3875 1052 3948 reconciliari
1074 3871 1280 3962 nobiscum,
1303 3873 1404 3969 juxta
1420 3872 1567 3946 formam
1585 3877 1623 3950 &
1648 3875 1769 3949 condi·

568 4012 591 4045 „
617 3972 729 4042 tiones
746 3972 849 4067 hujus
866 3971 1045 4065 praesentis
1060 3968 1237 4051 crustatus,
1248 3970 1379 4047 duobis
1392 3970 1438 4043 ad
1458 3971 1495 4043 id
1514 3973 1766 4057 admittantur,

568 4108 591 4145 η
616 4065 756 4141 fruituri
781 4068 903 4141 eodem
924 4065 1095 4141 beneficio
1116 4074 1190 4163 qdo
1206 4064 1323 4141 Diuae
1338 4066 1467 4141 nostrae
1492 4066 1685 4141 Provincia
1707 4087 1770 4138 re·

567 4206 591 4243 n
616 4165 831 4248 conciliatae,
850 4165 956 4237 modo
974 4164 1174 4238 voluntaris
1191 4188 1234 4239 eo
1252 4162 1463 4238 descendant
1480 4165 1574 4238 intra
1589 4184 1655 4236 tres
1671 4182 1776 4235 men·

474 4304 476 4311 s
567 4298 603 4339 rr-
615 4256 668 4333 ses
687 4262 766 4356 post
786 4282 909 4337 verum
929 4258 1108 4338 discessum
1122 4258 1360 4363 Hispanorum
1375 4281 1523 4381 extoto
1539 4258 1672 4360 Belgio.

1628 4350 1791 4435 effla.

674 4444 814 4538 amp..
835 4450 1065 4527 rennuens.
1094 4493 1098 4501 ·
1141 4496 1148 4503 -
