3984 5167
418 565 420 580 .
542 511 623 576 202
682 483 717 590 J.
746 483 899 576 Bina
939 476 1191 574 TASSIS.
1231 473 1616 571 COMMENT.

339 687 342 694 ’
397 691 498 782 1576.
543 699 616 774 quo
634 675 718 749 alios
735 675 873 766 ignaros
894 670 1009 744 adbuc
1026 669 1189 762 quorsum
1208 669 1286 742 lraec
1310 667 1457 756 fierent,
1482 673 1518 741 in
1543 669 1634 742 suam
1659 667 1734 745 sen·

544 774 687 849 tentiam
703 771 886 842 traherent.
937 764 1136 841 Persuasere
1162 787 1332 862 praeterea
1361 765 1461 838 facile
1486 767 1647 839 omnibus
1675 791 1736 842 ex·

546 870 667 964 pedire
680 868 726 936 ob
743 867 820 936 aeris
840 865 1018 956 inopiam,
1042 865 1232 934 exercitum
1256 859 1449 954 sumptibus
1465 881 1633 956 quantum
1656 861 1737 944 fieri

546 961 662 1060 pollet
686 961 877 1033 sublevari:
902 979 975 1050 quo
999 959 1144 1030 obtento
1172 960 1386 1050 negotiatum
1417 957 1466 1027 est
1495 957 1587 1050 apud
1621 957 1741 1029 Comi·

548 1056 822 1133 tatusFlandriae
846 1054 966 1127 Statue
978 1103 989 1138 ,
1015 1071 1054 1125 ut
1078 1051 1212 1146 Regem
1236 1055 1272 1122 in
1285 1072 1358 1122 tam
1376 1055 1529 1124 extrema
1547 1054 1764 1128 necellitate‘

417 1165 418 1172 ’
548 1157 669 1250 aliquo
695 1149 846 1224 subsidio
877 1149 1080 1244 pecuniario
1110 1154 1283 1243 juvarent.
1332 1145 1442 1236 Quod
1467 1171 1546 1219 curn
1574 1152 1740 1222 concede·

551 1272 654 1334 rent,
680 1271 720 1321 ea
744 1245 786 1318 ab
813 1244 895 1338 ipste
920 1241 1081 1341 opposita
1107 1244 1156 1314 est
1184 1241 1322 1335 prorsus
1355 1241 1539 1314 necessaria
1562 1244 1745 1327 conditio,

552 1346 660 1438 opera
676 1345 802 1436 procul
820 1341 929 1412 dubio
945 1361 1066 1411 eorum
1082 1337 1253 1432 ipsorum,
1280 1339 1339 1431 qui
1357 1341 1473 1408 omnia
1494 1337 1613 1409 eversa
1628 1343 1744 1432 cupie-

552 1443 649 1522 bant,
667 1459 705 1508 ut
723 1439 855 1530 aliquot
873 1434 1076 1508 cohortibus
1099 1433 1321 1503 Germanicis
1347 1431 1558 1528 Eberfiryriae
1575 1435 1744 1527 legionis,

552 1537 683 1628 quaein
707 1530 851 1604 diversis
866 1529 1040 1602 Flandriae
1060 1530 1176 1609 locis,
1200 1530 1237 1598 in
1256 1525 1423 1620 praestdiia
1440 1527 1601 1622 agebant,
1616 1549 1744 1603 exone·

554 1651 728 1707 teruntur,
747 1627 988 1720 pecuniaque,
1005 1645 1106 1718 quarn
1124 1624 1245 1693 darent
1263 1625 1299 1693 io
1324 1623 1512 1710 solvendo,
1531 1623 1746 1708 acabdican·

558 1729 606 1798 do
617 1726 695 1796 Asta
711 1723 837 1812 Emptio
853 1717 1150 1814 dispensarentur,
1175 1720 1271 1811 quod
1287 1716 1333 1788 fic
1344 1716 1523 1792 admissum
1538 1727 1581 1791 eo
1597 1743 1665 1790 rem
1683 1723 1745 1806 de·

559 1819 680 1901 duxit,
700 1836 740 1888 ut
757 1808 815 1888 hic
832 1814 909 1910 post
929 1813 1138 1886 solutionem
1153 1808 1306 1902 dimissae
1321 1812 1463 1892 domum
1482 1815 1639 1888 redieilt:
1656 1815 1745 1886 Ant-

559 1915 694 2007 verpiae
730 1931 815 1984 veto
843 1907 1004 1982 custodia·
1023 1907 1218 2002 Eberfleyttr‘o
1253 1907 1425 1980 sexdecim
1453 1907 1519 1980 sais
1544 1911 1752 1982 cohortibus

561 2010 748 2090 comitato,
772 2005 897 2077 tradita
917 2003 968 2081 srt.
993 2004 1081 2075 Erat
1100 2002 1162 2075 iste
1179 2005 1258 2075 Otto
1281 2004 1384 2074 Comes
1410 2006 1447 2074 dt
1468 2004 1638 2100 Eorrsteya
1655 2005 1749 2079 Ger·

561 2109 711 2185 manns,
736 2102 840 2172 etiam
865 2120 950 2174 tunc
969 2100 1077 2172 variis
1093 2098 1266 2171 illecebris
1286 2100 1330 2169 ad
1357 2119 1472 2192 partes
1497 2101 1663 2186 illorum,
1689 2103 1751 2195 qui

563 2219 656 2272 nova
673 2195 905 2268 moliebantur
916 2193 1083 2269 attraslus
1098 2197 1169 2277 ,ita
1182 2215 1222 2264 ut
1240 2193 1313 2286 ejus
1329 2193 1474 2266 uttroitu
1492 2197 1753 2285 celeberrimum

563 2294 652 2367 illud
681 2293 786 2363 totius
811 2291 905 2364 urbia
927 2291 1134 2384 Emporium
1154 2339 1166 2375 ,
1186 2289 1257 2383 jam
1286 2290 1407 2360 talium
1425 2290 1592 2362 arbitratu
1620 2293 1753 2377 retium

565 2391 607 2461 iri
623 2401 695 2460 non
714 2388 939 2459 dubitaretur.
982 2387 1032 2458 Et
1047 2385 1203 2479 quamvis
1219 2383 1369 2456 obstaret
1384 2388 1499 2475 adbuc
1515 2385 1751 2480 Hispanorum

566 2507 626 2558 arx
648 2479 890 2566 mnnitiffima,
922 2483 977 2554 tui
1001 2499 1151 2575 praeerat
1173 2482 1304 2552 Saucius
1324 2482 1446 2554 Daoila
1457 2531 1469 2570 ,
1496 2481 1683 2578 sperarem
1701 2487 1757 2553 αἱ·

566 2599 666 2662 men,
692 2595 765 2648 tum
790 2577 838 2649 ob
869 2578 1040 2664 militum,
1064 2579 1262 2669 civiumque
1293 2577 1549 2649 multitudinem
1566 2583 1677 2663 ,ium
1705 2579 1755 2648 oli

566 2675 787 2746 intervallum
819 2670 1039 2766 spatiumque
1066 2673 1159 2753 loci,
1185 2674 1245 2764 qui
1273 2673 1375 2756 arci,
1401 2695 1441 2744 ac
1469 2671 1601 2762 civitati
1623 2673 1762 2758 metlino

567 2770 779 2860 interjacet,
815 2765 877 2838 suo
894 2786 1051 2860 ternpore
1065 2767 1167 2840 facile
1190 2768 1420 2852 obtenturos,
1446 2785 1486 2837 ut
1506 2771 1626 2850 vallis,
1655 2767 1755 2865 solbs

568 2887 637 2957 que
656 2863 840 2954 interjectis
860 2861 979 2935 semoti
1002 2860 1237 2954 Hlspanorum
1261 2859 1420 2955 periculo
1441 2864 1680 2936 liberarentur.
1744 2870 1748 2877 '

620 2957 665 3029 V.
691 2956 830 3029 Accidit
850 2955 888 3028 dt
904 2958 1000 3029 aliud
1024 2959 1060 3026 in
1082 2958 1270 3029 Brabantia
1293 2954 1551 3050 opportunam,
1568 2983 1658 3054 'qno
1672 2955 1757 3028 saci·

568 3053 635 3124 lina
653 3071 748 3122 arma
767 3053 994 3144 eriperentur.
1020 3051 1131 3126 Erant
1147 3056 1183 3124 ia
1198 3049 1488 3146 campaniaque
1508 3055 1556 3126 est
1572 3058 1651 3147 pa'rs
1665 3056 1757 3124 illius

569 3148 768 3220 Provinciae
786 3143 977 3234 srcvocata,
993 3150 1109 3220 adhuc
1124 3150 1253 3242 aliqui,
1278 3151 1339 3242 qui
1354 3151 1402 3218 ob
1420 3171 1489 3218 non
1504 3148 1620 3230 soluta
1633 3147 1766 3241 stipen-

572 3245 631 3315 dia
650 3245 904 3315 tumultuarent.
916 3238 1021 3334 Regii
1046 3244 1191 3330 milites,
1217 3265 1328 3336 quos,
1351 3246 1510 3337 quamvis
1529 3249 1573 3318 ad
1594 3246 1758 3316 obedien·

573 3341 655 3410 tiam
668 3338 738 3432 jam
761 3335 945 3410 reduxisset
961 3339 1138 3420 nomam,
1163 3360 1301 3431 arrepta
1327 3359 1451 3410 tamen·
1469 3341 1536 3426 hac
1558 3337 1766 3422 occasione,

574 3433 667 3526 quod
684 3434 867 3528 indignum
889 3429 954 3505 elle
974 3435 1192 3528 judicarent,
1215 3423 1438 3506 Provinciam
1463 3435 1500 3504 ln
1527 3434 1693 3530 ejusmodi
1709 3436 1763 3508 ln·-

573 3527 717 3599 sultibus
736 3529 883 3620 amplius
900 3529 1023 3621 objici,
1051 3527 1313 3623 petie‘reStatus
1338 3527 1531 3602 Brabantiae
1555 3530 1674 3619 adsui
1701 3531 1761 3601 oet

575 3621 762 3696 sensionem
780 3621 842 3694 srbi
862 3624 936 3695 dari
953 3621 1153 3698 facultatem
1181 3623 1421 3698 conscribendi
1437 3626 1510 3714 duo
1535 3627 1641 3697 millia
1663 3626 1760 3719 pedi·

575 3739 671 3803 tum,
698 3713 897 3812 equitesque
921 3715 1111 3791 sexcentos.
1159 3717 1270 3807 Quod
1303 3718 1383 3791 ctirn
1410 3719 1513 3793 facile
1536 3721 1761 3800 aTribunall

574 3813 735 3908 supremo
762 3810 1032 3908 impetrassent,
1063 3813 1232 3888 continuo
1258 3812 1567 3909 Htsso'peditum,
1603 3819 1761 3910 equitum

574 3909 704 3993 Boario,
725 3908 899 4004 quierant
916 3909 1163 4004 ambogenere
1180 3911 1268 3982 clari
1287 3911 1454 4004 juvenes,
1480 3935 1521 3986 ac
1543 3911 1653 3984 futuri
1676 3911 1766 3984 saci·

576 4005 669 4074 noris
685 4003 832 4090 conscii,
856 4027 941 4078 cura
955 4004 1067 4079 datur.
1091 4004 1239 4080 Acteliit
1256 4010 1300 4078 ad
1324 4010 1401 4079 haec
1419 4010 1510 4082 alrud
1533 4008 1763 4103 longemaxi*

575 4119 692 4178 mum,
714 4121 786 4190 quo
810 4103 951 4173 tandem
973 4103 1034 4174 via
1053 4102 1102 4174 ad
1125 4121 1283 4193 apertam
1303 4101 1546 4179 Rebellionem
1563 4103 1696 4186 strata,
1720 4099 1766 4170 du

574 4191 671 4282 quod
686 4194 845 4269 ultimum
860 4217 899 4271 ut
922 4195 975 4271 ita
996 4197 1111 4276 ᾱίσαω
1133 4197 1265 4277 foturis
1292 4198 1446 4277 motibus
1456 4254 1469 4292 ,
1495 4200 1634 4280 uidetur
1643 4192 1769 4293 jecisse·

573 4283 738 4432 mm·
1459 4427 1462 4435 ·
1588 4388 1653 4463 Vl.
1678 4371 1769 4464 Erae
