3984 5167
567 510 651 620 558
707 497 743 609 J.
771 494 818 585 B.
854 514 929 585 nu
965 488 1220 587 TASSIS
1259 487 1655 587 COMMENT.

417 712 526 794 1595.
569 673 1049 787 aliquantulomdiminutor,
1074 686 1287 759 interimite
1304 686 1424 759 animo
1453 684 1610 763 nistoriir
1637 686 1762 765 fortifi-
1869 741 1870 746 ,

568 810 687 871 catos,
713 810 752 861 ut
776 786 948 883 quidlibet
971 784 1130 879 superare
1152 779 1250 880 polle
1279 802 1378 855 certo
1403 780 1468 855 libi
1493 784 1760 877 persuaderent,
1870 785 1871 868 l

569 890 776 960 Camaracum
791 884 956 957 invadere
971 878 1141 954 decrevit.
1190 874 1263 952 Rer
1281 898 1355 952 erat
1380 877 1601 963 difficillimo,
1625 880 1762 959 Civitu

568 977 834 1079 magna,soll⁸a,
860 981 897 1053 &
913 979 1010 1050 vallo
1024 974 1163 1070 optimc
1182 976 1336 1059 munita,
1357 974 1490 1047 lubens
1508 978 1615 1049 etiam
1631 978 1762 1053 Celsei-
1870 997 1871 1030 l

389 1090 411 1131 ⁴⁸
427 1086 501 1149 bell
567 1079 641 1149 lom
660 1074 931 1154 munitissimum,
957 1074 1233 1165 credebaturque
1249 1072 1417 1143 bannum
1435 1072 1476 1156 ⁴,
1502 1076 1565 1165 qui
1581 1070 1760 1170 Principe·
1870 1063 1871 1096 l

392 1183 461 1243 Μ·

569 1192 644 1245 tum
659 1170 882 1266 usurpatione
898 1169 948 1241 ibi
973 1167 1121 1264 egebat,
1145 1168 1274 1243 babere
1291 1170 1383 1237 intur
1398 1166 1545 1261 copiose
1562 1190 1760 1257 annorum,

569 1290 610 1342 ac
625 1269 692 1341 alia
712 1268 831 1341 omniu
845 1268 889 1339 ad
905 1264 1047 1338 salutem
1065 1266 1240 1347 civitatis,
1264 1286 1307 1336 oc
1322 1261 1453 1335 castelli
1467 1263 1673 1349 necessaria,
1695 1288 1758 1341 uec

569 1386 642 1436 non
661 1364 825 1445 rbultunr,
852 1363 1092 1455 &expertum
1118 1361 1285 1441 militem,
1312 1380 1384 1452 quo
1412 1358 1448 1431 se
1464 1358 1569 1433 facile
1597 1360 1757 1436 defende·

569 1480 635 1533 ret.
687 1460 755 1531 Sed
776 1459 917 1531 hicnon
939 1456 1156 1530 obstantibus
1176 1456 1263 1529 vicit
1285 1452 1414 1528 victori
1431 1456 1564 1543 virtus,
1588 1480 1696 1551 atque
1711 1460 1759 1532 itt

566 1576 649 1628 com
703 1552 773 1627 srtic
797 1554 833 1625 in
860 1554 1005 1625 Durlono
1027 1549 1235 1624 sufficienter
1259 1550 1429 1623 rebusad
1459 1549 1697 1637 securitatem,
1719 1576 1758 1629 tc

569 1672 637 1723 con
669 1655 757 1723 itoto
783 1646 835 1720 ibi
863 1651 898 1719 in
933 1646 1132 1743 supremum
1162 1644 1370 1719 Praefectum
1403 1646 1531 1739 Joonne
1558 1649 1598 1718 dr
1626 1650 1759 1722 Corduba

570 1742 732 1840 Hispano
750 1743 877 1827 nobili,
902 1747 952 1815 rei
969 1742 1125 1816 militaris
1148 1745 1262 1836 perito
1286 1745 1384 1827 viro,
1412 1742 1615 1814 Camarum
1643 1744 1759 1819 versuo

569 1862 649 1924 cum
672 1842 828 1915 exercitu
843 1841 970 1920 movit,
990 1840 1166 1932 illudque,
1191 1860 1299 1932 prout
1327 1838 1446 1931 potuit
1462 1840 1605 1922 melius,
1632 1839 1757 1914 alledio

566 1936 698 2020 cinxit,
724 1956 766 2007 ac
782 1956 989 2029 oppugnare
1005 1938 1134 2029 coepit,
1150 1936 1375 2027 perrexitque
1390 1932 1506 2007 donec
1521 1936 1661 2007 tundent
1678 1937 1756 2031 post

569 2034 702 2104 varied
731 2032 895 2102 militibus
922 2031 1068 2103 viriliter
1099 2030 1194 2117 aua,
1219 2032 1478 2123 multorumque
1508 2048 1759 2105 tormentorum

568 2126 776 2199 bellicorum
794 2124 1060 2219 qoalsationem,
1085 2126 1183 2197 cives
1209 2127 1323 2197 invito
1350 2125 1487 2197 Balanea
1513 2148 1592 2197 com
1616 2126 1756 2198 Ferrato

569 2225 676 2295 certic
718 2221 975 2294 conditionibus
1024 2220 1251 2313 transigentes
1292 2222 1471 2292 civitatem
1508 2222 1557 2293 illi
1585 2221 1757 2297 dederint.

467 2320 472 2328 '
571 2315 734 2413 Cumque
758 2316 854 2389 nulli
875 2315 1078 2409 interpositi
1105 2316 1267 2389 moriad
1294 2314 1437 2389 Castelli
1459 2319 1758 2411 oppugnationem

569 2410 809 2507 properasset,
836 2410 976 2485 &illud
1001 2415 1104 2486 etiarn
1133 2409 1213 2507 post
1229 2413 1363 2505 aliquot
1396 2412 1515 2485 dicul
1544 2414 1680 2486 dalonen
1699 2416 1759 2487 de·

571 2510 706 2601 ditione
729 2530 808 2581 rece
836 2508 873 2580 it.
923 2506 1070 2581 Miserat
1088 2507 1244 2598 obseffie,
1268 2506 1491 2581 dumodboc
1513 2501 1645 2581 alledio
1662 2511 1756 2584 urbir

569 2606 765 2699 vagabatur
818 2604 992 2689 evurtius,
1009 2607 1132 2677 volent
1149 2603 1378 2697 conjurare,
1390 2622 1560 2696 quantum
1571 2606 1610 2676 in
1622 2600 1757 2688 secret,

569 2700 679 2774 filiurn
692 2702 830 2773 unicum
849 2698 1098 2772 adolescentem
1117 2697 1499 2773 duoumtnominore
1510 2698 1669 2791 Wicm,
1680 2701 1757 2775 stre·

570 2820 698 2881 noum,
723 2817 765 2907 ac
786 2794 937 2907 scientiae
956 2796 1111 2868 militaris
1126 2796 1221 2889 apud
1240 2790 1369 2905 §ellos
1386 2796 1501 2866 virum
1520 2792 1665 2868 nouum
1679 2818 1757 2871 cum

570 2892 1145 3095 trenttrrrtlrrrrlc‘
1159 2891 1758 2967 ”²²⁰⁶
1776 2950 1780 2955 ¹

569 3080 628 3157 sed
641 3082 728 3153 nihrl
742 3078 887 3178 profuit.
913 3081 1065 3152 Boionius
1077 3104 1122 3153 ex
1139 3081 1305 3174 Priocrpe
1317 3080 1474 3155 redditus
1488 3084 1756 3176 privatur,curu

569 3176 655 3265 suis,
682 3175 762 3262 suo,
787 3200 829 3250 ac
847 3177 1001 3248 omniunt
1018 3174 1228 3270 supellectile
1243 3175 1326 3271 (ln)
1345 3173 1500 3249 Galliam
1513 3179 1758 3253 underencrtt

570 3271 725 3348 reversus
745 3271 811 3357 est,
826 3272 863 3347 δι
883 3270 1062 3359 Fontanus,
1074 3272 1171 3367 quod
1209 3273 1461 3347 recedentibus
1481 3272 1642 3349 victoriir
1654 3296 1760 3349 nuta

569 3370 720 3443 civitatis
742 3370 1040 3465 recuperationem
1063 3366 1171 3461 adjec'
1201 3390 1256 3450 et,
1276 3370 1409 3463 'magni
1424 3367 1538 3443 Ducit
1560 3372 1761 3465 opinionem

571 3460 856 3575 adeptus5Regi
871 3462 931 3539 suo
945 3488 1035 3576 opus
1054 3463 1281 3549 utiliffimum,
1307 3461 1369 3537 stbi
1384 3486 1472 3539 vero
1492 3464 1662 3562 insrgnem
1686 3469 1762 3565 glo·

571 3582 653 3633 rrarn
671 3580 797 3633 merrro
812 3578 1040 3654 comparevrt.
1412 3606 1424 3622 -.

616 3652 783 3728 XXVIII.
810 3656 989 3729 Mauritius
1007 3656 1117 3749 (dom
1135 3653 1297 3727 Fontem
1314 3652 1363 3728 D.
1384 3656 1421 3729 io
1444 3648 1594 3752 Gellii)
1621 3658 1762 3733 miserat

569 3752 614 3825 ud
635 3773 752 3849 partes
773 3746 890 3823 Rheni
908 3752 1049 3844 copiam
1066 3752 1216 3845 aliquem
1233 3752 1383 3825 militum
1394 3752 1618 3847 equestrium,
1638 3778 1682 3831 uc
1699 3778 1763 3855 pe·

568 3848 750 3933 delirium,
775 3844 918 3921 ductore
935 3846 1074 3939 Philippo
1089 3846 1230 3919 Comite
1247 3849 1285 3919 dt
1309 3844 1447 3942 Naffio
1462 3869 1590 3940 putroo
1608 3848 1695 3938 suo,
1720 3872 1762 3926 ut

566 3966 623 4017 res
646 3946 756 4039 reglau
774 3943 816 4017 ei
832 3944 868 4016 in
891 3964 990 4038 parte
1005 3942 1143 4015 absente
1166 3940 1348 4018 defensore
1371 3942 1557 4019 lucerent
1590 3947 1665 4021 Sed
1678 3947 1758 4021 ra·

567 4052 663 4115 tonte
682 4040 844 4113 econtra
862 4036 999 4113 miserat
1015 4040 1120 4114 &ille
1133 4060 1257 4113 contre
1273 4037 1384 4137 ipsum
1401 4041 1753 4137 comagene-cun

567 4137 679 4229 cupiit
695 4130 848 4208 collectis
866 4156 912 4207 eu
929 4136 989 4223 iis,
1002 4158 1087 4233 quoe
1102 4136 1146 4208 ad
1162 4133 1395 4210 defensorem
1410 4138 1493 4210 binc
1508 4136 1590 4209 inde
1603 4134 1761 4239 relique·

567 4246 639 4313 rut,
665 4234 724 4325 qui
749 4248 788 4305 ut
806 4250 879 4307 erut
898 4234 1000 4307 milet
1024 4235 1210 4331 egregins,
1233 4233 1373 4309 tardem
1398 4229 1673 4327 boliets'it‘lippo
1698 4252 1764 4309 oo

565 4322 639 4402 tiso
661 4324 1001 4426 enditrugrvirqoe.
1223 4380 1228 4387 -
1536 4320 1757 4501 mm?

929 4477 936 4489 .
1707 4443 1764 4497 tn·

1262 4616 1287 4661 l
