3984 5167
394 469 398 478 ’
537 535 618 624 180
675 523 711 633 J.
740 521 787 612 u.
816 475 1170 612 neruosus
1211 465 1601 614 connum.

383 751 486 832 1573·
501 779 503 787 s
537 743 598 809 re,
624 737 684 792 aut
698 739 777 792 cum
794 711 922 788 summa
936 713 1128 824 ignominia
1145 708 1297 786 hostium
1319 713 1494 786 voluntati
1511 711 1581 786 sese
1597 713 1741 790 dedere.

332 893 338 902 ,
537 815 645 890 Unde
661 816 784 910 ingens
802 810 993 906 indignatio
1012 829 1090 882 orta
1106 812 1260 886 omnium
1278 810 1314 882 in
1333 806 1572 905 manandum,
1598 814 1642 886 ed
1660 835 1738 886 rem

538 913 704 999 deduxit,
730 931 771 982 ut
796 907 868 981 duo
886 931 930 980 ex
946 908 1136 1001 praecipuis
1153 909 1292 980 navium
1310 904 1508 994 Praefettrs,
1534 907 1736 982 assentiente

541 1012 674 1092 Soneio,
699 1005 795 1078 illum
821 1004 989 1085 adierint,
1013 1005 1240 1094 omniumque
1257 1002 1396 1077 nomine
1412 1003 1521 1075 debiti
1538 1003 1667 1088 officii,
1689 1007 1736 1079 ad

538 1102 693 1188 clafferu,
719 1105 943 1197 quocumque
965 1099 1075 1194 pollet
1103 1099 1211 1176 modo
1233 1096 1323 1192 Regi
1352 1101 1500 1172 uiriliter
1529 1100 1735 1174 consentian-

539 1202 637 1285 dam,
663 1198 752 1272 serid
780 1197 1041 1282 admonuerint;
1075 1193 1224 1288 cirmque
1242 1193 1493 1290 suspicarentur
1510 1201 1735 1291 complures,

539 1300 576 1369 in
598 1295 816 1368 decernendo
838 1294 1032 1367 tarditatem
1061 1288 1266 1383 Branoryfir',
1290 1313 1334 1365 ex
1350 1315 1394 1366 eo
1415 1290 1526 1377 nasci,
1551 1295 1649 1386 quod
1675 1295 1739 1368 du·

541 1415 617 1466 rum
630 1393 681 1463 illi
699 1393 876 1464 videret'ur
899 1411 1065 1471 uxorem,
1097 1407 1204 1482 quarn
1224 1385 1338 1466 secum
1366 1388 1537 1474 habebat,
1561 1388 1739 1483 uniceque

542 1487 675 1562 amabat
691 1487 802 1582 praelii
825 1485 986 1578 periculis
1002 1486 1177 1578 objicere,
1202 1487 1336 1576 petiere
1351 1481 1479 1570 areo,
1503 1504 1544 1577 ut
1566 1505 1626 1556 aut
1640 1485 1734 1559 Mid-

542 1585 715 1678 delburgii
731 1604 806 1656 eam
827 1583 1056 1674 relinqueret,
1081 1599 1141 1654 aut
1170 1575 1289 1654 sthoc
1319 1601 1391 1654 non
1418 1582 1591 1673 placeret,
1616 1579 1736 1655 saltem

540 1701 719 1776 pateretur
736 1697 904 1752 eumcum
924 1677 1035 1750 tribus
1053 1673 1212 1769 schaphia
1230 1675 1319 1752 bene
1332 1677 1470 1750 armatis
1481 1678 1566 1749 vehi
1580 1676 1618 1748 in
1633 1677 1740 1771 Ζυγίη
1762 1762 1766 1768 ,

540 1775 792 1860 brorrlandr'am,
817 1769 994 1846 confidere
1016 1774 1107 1846 enim
1132 1772 1295 1860 omuino,
1320 1795 1362 1846 ac
1378 1774 1476 1846 certd
1494 1769 1629 1867 sperare
1641 1770 1733 1860 sese,

541 1873 666 1954 etiam,
692 1868 717 1942 fi
740 1893 805 1966 per
821 1867 954 1942 medios
982 1869 1114 1950 hoster,
1139 1863 1224 1940 ellet
1242 1865 1665 1953 eundumjllam'tamen
1681 1870 1734 1940 in·

541 1969 713 2042 columem
729 1964 1171 2056 eoueuuuuros,quorum
1185 1962 1602 2056 petitioni,Bcruurrflat,
1615 1988 1737 2060 quam·
1888 2007 1896 2014 ·

541 2065 596 2137 vis
615 2060 801 2138 admodum
819 2063 966 2146 invitus,
991 2059 1063 2136 visa
1078 2059 1270 2134 necestitate
1286 2059 1450 2155 publici,
1475 2060 1615 2134 tandem
1630 2056 1736 2134 uffen-

541 2156 594 2232 fit.
645 2158 683 2231 0
709 2158 860 2254 portuna
873 2157 989 2249 itaque
1009 2154 1181 2233 soluentes
1196 2155 1309 2241 hori5
1329 2177 1398 2230 tarn
1416 2155 1604 2244 industrie,
1630 2177 1733 2252 atque

540 2182 717 2352 intrepide
741 2254 841 2328 vetra
871 2273 984 2336 uxot,
1005 2273 1044 2332 ur
1077 2251 1204 2346 absquae
1238 2254 1312 2332 ullo
1341 2253 1566 2354 incommodo
1591 2250 1736 2335 insulana

541 2349 712 2521 attigerit,
738 2372 848 2446 eaque
866 2347 1041 2446 expofita,
1066 2347 1229 2428 duetore·
1242 2351 1291 2430 ad,
1304 2348 1382 2428 suna
1396 2350 1590 2427 incolumen
1604 2346 1734 2426 reverst

556 2466 631 2522 {intr
716 2457 722 2474 '
892 2477 895 2482 ·
1035 2517 1039 2523 ,
1074 2461 1080 2475 “
1243 2463 1248 2471 ’
1358 2487 1363 2493 ·
1399 2461 1416 2489 ”
1544 2467 1548 2472 ’

590 2543 721 2621 LXIV.
753 2543 906 2620 Maritus
942 2545 1047 2621 etiam
1071 2545 1191 2619 uxoris
1219 2544 1379 2640 periculo
1409 2543 1599 2631 liberatus,
1623 2544 1737 2640 prima

540 2640 648 2715 forlici
663 2664 744 2716 aura
759 2640 893 2716 solvere
904 2641 1046 2730 statuit3
1066 2642 1228 2738 julieque
1241 2665 1320 2720 eum
1337 2643 1373 2714 in
1390 2637 1496 2713 finem
1513 2642 1631 2716 omnia
1648 2661 1738 2736 pra·

570 2738 677 2825 arari,
717 2736 906 2834 omnesque
932 2759 1073 2834 paratos
1097 2737 1204 2818 esse:-
1227 2735 1414 2831 relictaque
1445 2738 1488 2810 ad
1513 2734 1739 2812 securitatem

588 2833 807 2930 iddelburgi,
853 2831 892 2908 δι
911 2835 931 2875 *
962 2834 1099 2908 Anunae
1129 2837 1269 2929 legione
1303 2832 1381 2922 sna,
1416 2856 1458 2907 ac
1485 2831 1675 2908 constituto
1698 2837 1738 2908 in
1894 2855 1896 2866 ·

542 2930 685 3004 castello
709 2927 918 3014 Rammekin
947 2929 1119 3007 Praefeeto
1145 2931 1366 3014 Lcnirnnille,
1407 2930 1549 3005 taudem
1570 2928 1737 3025 vigenne
1829 2966 1839 2976 ·
1894 2953 1896 2966 ·

357 3073 389 3118 ιν
542 3023 631 3117 Julii
647 3025 730 3100 dato
751 3023 848 3121 figno
867 3025 1113 3122 profectionis,
1139 3026 1184 3100 de
1200 3049 1274 3123 quo
1290 3025 1423 3102 secreto
1447 3049 1528 3101 cum
1544 3029 1737 3122 praecipuit,

543 3137 778 3209 convenerat,
802 3141 842 3196 ut
858 3147 901 3196 eo
922 3121 996 3196 viso
1014 3147 1134 3202 omnes
1151 3121 1347 3212 solverent,
1371 3143 1469 3200 tanta
1484 3126 1680 3211 celeritate,
1691 3144 1736 3196 ac

541 3216 663 3296 labore
684 3219 861 3314 navigatio
891 3221 1044 3318 incoepta
1066 3221 1134 3308 est,
1161 3240 1201 3292 ut
1220 3240 1405 3315 antequam
1430 3221 1530 3295 certd
1545 3218 1651 3294 hostis
1669 3216 1740 3292 dis-
1894 3217 1896 3300 r

414 3391 419 3398 ,
543 3336 684 3389 cernere
724 3315 831 3404 offer,
855 3317 940 3412 quid
967 3313 1176 3412 Brarruoyfiur
1189 3317 1228 3389 in
1255 3319 1372 3390 animo
1402 3316 1564 3404 haberet,
1586 3321 1655 3413 jam
1674 3316 1738 3388 ille
1777 3396 1784 3402 ,
1894 3319 1896 3352 ³

543 3412 673 3580 guimas
695 3340 932 3509 superaverit,
957 3435 1030 3486 non
1058 3434 1174 3488 tamen
1194 3433 1266 3486 tam
1291 3411 1473 3500 foeliciter,
1498 3415 1584 3508 quin
1603 3409 1740 3488 invasas

592 3525 694 3604 tergo
716 3513 800 3584 duas
825 3507 1033 3604 Hispanicas
1059 3531 1187 3598 naves,
1211 3532 1279 3584 nec
1309 3510 1599 3595 nundinatum,
1625 3510 1741 3604 perdi·
1894 3513 1896 3542 ¹

544 3599 645 3677 derit.
695 3603 862 3680 Consedit
880 3605 985 3678 clallis
1003 3609 1099 3700 regia
1113 3629 1156 3679 ea
1173 3603 1301 3691 noste,
1326 3603 1475 3680 cessante
1499 3608 1602 3681 uraris
1620 3605 1741 3691 secun·
1894 3619 1896 3624 ·

545 3699 592 3773 do
608 3699 714 3788 aestu,
740 3724 852 3799 prope
868 3699 1011 3775 insulam
1028 3700 1321 3796 Zuytbeverlant.
1372 3703 1506 3776 Auram·
1528 3704 1633 3776 etiam
1657 3699 1741 3776 clas·

545 3795 588 3872 sn
614 3797 707 3872 haud
729 3799 875 3895 amplius
892 3819 964 3873 uno
983 3799 1110 3874 rniliari
1127 3799 1171 3871 ab
1190 3819 1233 3870 ea
1259 3797 1405 3882 distans,
1432 3797 1471 3872 ἃ
1485 3797 1563 3892 ipsa
1575 3795 1738 3874 ibistetit.

544 3889 689 3965 Postero
704 3895 791 3969 vtro
810 3894 867 3968 die
884 3896 994 3989 prima
1025 3897 1105 3968 luce
1134 3893 1251 3968 rursus
1280 3915 1485 3989 opportuno
1498 3913 1659 3990 tempore
1676 3891 1739 3966 sol·

474 4075 476 4080 ι
546 4009 632 4062 vens
663 3987 882 4083 Brauvor'fius,
906 3991 1035 4064 iterum
1058 3992 1080 4064 a
1107 4010 1208 4086 tergo
1233 3991 1277 4066 ab
1301 3988 1456 4074 hostibus
1479 3991 1647 4066 laceffirua
1670 3987 1741 4078 est,

545 4105 612 4159 nec
630 4104 705 4160 tum
725 4092 813 4162 adeo
828 4085 1008 4164 foeliciter:
1033 4084 1170 4166 inhaesn
1186 4091 1278 4162 enim
1295 4089 1425 4176 uadum
1441 4109 1574 4184 propre
1591 4106 1738 4185 pagum,

1636 4201 1741 4277 arem

549 4390 556 4401 Ι
588 4303 735 4390 *Legna
748 4307 923 4406 Armudae.
942 4309 1136 4398 Armorum,
1163 4311 1223 4382 vel
1251 4260 1478 4400 Arnenuydcn,
1511 4313 1677 4404 oppidum
1704 4310 1745 4378 in

546 4387 652 4462 ursula
672 4391 888 4464 Walachrrae.
1108 4420 1112 4429 »
