3984 5167
350 528 643 631 canen
702 526 1221 641 sutrinus.
1336 553 1422 665 432,

226 732 397 814 oblivisci.
446 730 570 823 ltaque
589 727 657 823 qut
675 730 792 829 potuit
808 726 1010 824 vigilantii,
1035 753 1077 805 ac
1096 730 1277 826 diligentia
1300 738 1345 812 ad
1369 764 1424 816 res
1467 758 1579 845 1587,'

226 834 366 909 unionis
385 827 511 906 exinde
531 825 592 899 suo
605 830 705 902 unius
726 824 901 921 auspicio,
917 825 1099 923 duiiuque
1116 832 1423 924 administrandas,

225 928 293 1009 lese
316 926 478 1003 accinxit.
520 920 609 1005 Erat
639 921 734 1017 diesis
766 944 923 1018 tempore
948 927 1084 1012 caedis,
1110 927 1200 1001 arcis
1226 931 1420 1024 Cialouerjir
1510 993 1519 1010 .

204 1022 444 1109 ¹l'racfedius,
477 1021 538 1114 qui
564 1042 608 1091 eo
638 1020 772 1115 magnit
802 1020 985 1097 itineribus
1015 1021 1192 1117 proficisci
1212 1023 1341 1121 juiius,
1373 1034 1425 1105 uri

225 1140 463 1220 praecaveret,
488 1104 633 1212 ne⁴quid
652 1116 687 1195 se
705 1116 846 1194 absente
874 1119 909 1191 in
934 1119 1101 1193 damnum
1119 1118 1229 1217 Regia
1245 1124 1318 1198 arci
1335 1129 1425 1201 acci·

163 1264 169 1276 -
224 1222 333 1299 deret.
385 1216 456 1289 Sed
485 1212 553 1291 luit
578 1213 781 1307 vigilantior
806 1212 921 1296 Dux,
947 1217 1010 1309 qui
1032 1215 1106 1311 jam
1127 1216 1220 1293 illam
1248 1244 1363 1295 arcem
1388 1225 1431 1296 in-

223 1313 432 1413 potestatem
461 1306 555 1386 suurn
580 1311 794 1405 redegerat,
835 1333 877 1383 ac
901 1308 984 1385 inde
1016 1312 1060 1384 ad
1094 1337 1254 1390 centrum
1278 1314 1425 1393 Provin-

221 1414 317 1498 ciae,
343 1407 445 1505 cujus
474 1425 548 1479 erat
569 1404 823 1492 Gubernator,
850 1406 888 1481 dc
915 1405 978 1479 ubi
1004 1410 1154 1483 maximi
1175 1415 1333 1511 pollebat
1368 1441 1427 1492 au·
1542 1418 1546 1425 ’

221 1511 416 1590 thorirate,
442 1524 656 1599 penetrana,
682 1505 838 1579 omnium
857 1503 1022 1590 animos,
1045 1505 1095 1577 ita
1125 1507 1170 1581 ad
1203 1512 1236 1584 ie
1259 1515 1425 1600 attraxit,

218 1628 262 1685 ut
280 1604 375 1683 nulla
403 1599 475 1679 fere
493 1598 600 1677 fuerit
614 1601 760 1687 civitat,
783 1599 898 1673 nullus
912 1599 1092 1675 civitatum
1109 1606 1316 1705 arciumque
1334 1604 1425 1681 Prae·

218 1702 352 1789 fedus,
379 1718 445 1777 nec
463 1693 643 1793 quisquam
658 1718 703 1776 ex
720 1696 914 1794 primariis,
930 1697 991 1791 qui
1005 1694 1157 1792 ejusdem
1172 1724 1292 1802 partes
1302 1703 1423 1800 sequi,

218 1821 263 1879 ac
273 1796 396 1879 fovere
411 1817 482 1869 non
499 1793 708 1869 decreverit.
744 1792 883 1870 venere
900 1813 1070 1887 praeterea
1082 1818 1126 1869 ex
1142 1800 1304 1874 omnibus
1323 1802 1436 1875 undi··

220 1920 295 1994 que
317 1890 435 1986 Regni
458 1889 682 1979 Provinciis,
713 1914 754 1969 ac
779 1886 1024 1966 couloederatir
1051 1896 1173 1971 nuncii
1195 1893 1436 1983 affirmantes,-

186 1986 191 1995 ’
220 2014 347 2069 omncs
365 1984 561 2065 constantes
586 1985 684 2076 fore,
709 1989 747 2063 &
763 1987 1007 2085 promittentes
1030 1988 1167 2087 iusuper
1185 1994 1322 2070 auxilia.
1341 1993 1437 2069 Nec?

217 2089 292 2167 ulla
314 2084 383 2161 fuit
403 2086 528 2163 civitas
545 2104 624 2161 ante
640 2084 808 2177 Blrsrustnt
834 2084 968 2163 caedem
992 2086 1116 2161 unioni
1149 2086 1317 2176 addicta,
1343 2114 1421 2187 quae

217 2208 293 2263 non
321 2180 519 2271 ardentius,
546 2203 652 2278 quam
684 2204 859 2277 uuquam,
878 2184 929 2277 ,ad
953 2186 1071 2255 omnia
1094 2182 1128 2259 ie
1154 2206 1239 2261 tunc
1260 2184 1423 2271 offerret,

218 2282 260 2363 dt
282 2283 326 2357 ad
342 2278 484 2377 quidvis
508 2277 710 2355 obeundum
727 2300 884 2375 paratam
900 2278 935 2352 se
951 2281 1143 2355 exhiberet
1186 2282 1282 2355 Ante
1301 2306 1422 2359 omnes

217 2382 385 2458 Lutetia,
409 2395 488 2470 quae
515 2372 601 2453 licut
623 2372 736 2449 iuerat
766 2376 904 2449 unionis
928 2372 1178 2461 construcirix,
1204 2378 1243 2453 dr
1266 2378 1421 2476 eoasque

217 2468 1035 2663 {iiiiiirrliiissltrirrdllliiliz
1051 2474 1423 2645 iirrlilliritr

781 2621 793 2656 ‚
1411 2612 1423 2624 .

220 2686 344 2753 natue,
369 2664 683 2761 Fluanciarumque
708 2662 935 2758 (utvocanr)
959 2664 1159 2738 tribunalia.
1206 2663 1254 2739 Et
1270 2685 1312 2737 ut
1334 2666 1420 2739 unio

219 2764 390 2857 deinceps
417 2779 579 2856 tanquam
597 2760 808 2857 Respublica
830 2760 995 2835 debitam.
1011 2763 1048 2831 in
1070 2759 1300 2857 gubernando
1315 2763 1419 2837 habe·

218 2880 277 2937 ret
309 2854 485 2944 formam,
518 2857 773 2931 communibus·
800 2857 937 2952 elegere
973 2859 1069 2930 votis
1099 2859 1297 2931 buencum
1337 2859 1358 2899 ⁸*
1380 2862 1418 2933 in
1448 2856 1465 2891 ¹⁵
1483 2849 1578 2955 bret

219 2956 509 3064 Gubernatorem
534 2956 733 3065 generalem
754 2954 853 3064 regni
877 2953 1033 3040 Gallie,
1078 2976 1289 3059 omnemque
1311 2954 1357 3030 ad
1379 2957 1416 3031 id
1448 2929 1581 3084 32ξὲξῖ

219 3050 449 3131 neceffartanr·
474 3054 722 3126 authoritatem
750 3072 783 3121 er
807 3051 972 3126 detulere.
1022 3048 1099 3145 Qui
1121 3048 1220 3127 simul
1248 3074 1356 3149 atque
1380 3055 1417 3129 in
1447 3106 1499 3147 nae.

215 3149 549 3245 Burgundiumvenlt
559 3144 674 3234 ,misit
689 3145 735 3220 ad
757 3144 954 3238 Parmensem
963 3196 976 3232 ,
988 3150 1051 3242 qui
1061 3148 1203 3241 Philippi
1221 3146 1416 3245 suppetias,

215 3244 309 3323 licut
333 3246 370 3317 in
394 3243 523 3321 unione
542 3262 615 3321 erat
632 3261 843 3319 conventum
861 3262 1017 3339 peteret,
1042 3246 1079 3315 in
1098 3266 1172 3341 quo
1187 3242 1295 3339 plene
1307 3247 1341 3318 ei
1350 3242 1418 3319 luit

212 3338 436 3419 dieucum.
478 3340 591 3413 Immo
615 3338 705 3414 mifit
732 3342 776 3414 ad
800 3361 878 3412 cum
898 3336 1095 3431 Parrnersu,
1116 3338 1180 3435 qui
1205 3337 1321 3413 casum
1346 3342 1419 3414 Bit·

201 3434 333 3534 sensam
350 3438 561 3524 condolent,
581 3437 625 3513 de
636 3437 776 3531 Philippi
786 3433 996 3522 constantii,
1022 3435 1225 3531 optimique
1239 3456 1322 3533 erga
1336 3460 1429 3510 eum-

214 3534 399 3607 voluntate
412 3535 598 3607 certiorem
606 3531 812 3615 faceret3ad
824 3532 1108 3628 componendum
1116 3534 1218 3608 etiarn
1226 3528 1417 3631 equestrem

213 3623 482 3729 pedestremque
506 3632 726 3710 exercitum,
741 3627 898 3702 celeriter
923 3630 1238 3723 animumvertiu
1270 3627 1416 3703 Sciebat

148 3764 153 3769 ·
210 3726 311 3802 enim
328 3724 483 3799 omnium
498 3724 617 3822 spem,
642 3748 684 3801 ae
702 3722 846 3799 salutem
859 3722 973 3798 solum
991 3727 1029 3798 in
1047 3727 1151 3799 armis
1168 3723 1236 3801 else
1246 3724 1430 3821 positam,-

211 3818 260 3897 ἅ
281 3844 353 3895 non
374 3842 561 3897 contentus
589 3822 688 3919 regni
703 3822 851 3907 incolis,
877 3822 1009 3895 Ollium
1027 3822 1166 3896 Hr'rrrlru
1190 3844 1234 3896 err
1251 3820 1429 3896 Ducibus»
1537 3884 1551 3897 ..
1587 3902 1593 3914 ,

211 3913 526 4010 hupfodstnfidur,
544 3914 742 4013 Baffitmprio
762 3914 790 4008 †·
802 3914 960 4013 binisque
977 3917 1053 3990 aliis
1075 3918 1282 4005 Germanis,
1303 3940 1416 4007 4ooor
1446 3893 1606 3991 ruerem·-

209 4016 400 4111 equitum,
424 4011 555 4107 thtro,
580 4036 622 4089 ac
637 4014 694 4087 dii
710 4011 850 4087 cuidam
864 4010 1038 4088 Prureue
1051 4014 1416 4098 cellularum-6000:
1444 3992 1599 4121 ffiffl

212 4111 405 4203 peditum,
429 4110 466 4185 dt
492 4111 606 4185 Camiri
626 4111 664 4183 tle
678 4111 793 4185 Culcita
802 4111 975 4205 legionum
983 4109 1243 4185 Germanorum
1257 4112 1424 4208 peditum
1444 4132 1475 4189 re
1491 4131 1554 4204 ua]-

215 4225 344 4293 nuaur,
369 4208 611 4290 conducendi,
636 4228 756 4281 curam
773 4204 879 4280 dedit.
912 4204 1037 4309 Stabat
1052 4230 1120 4303 pro
1139 4204 1238 4305 Rege
1257 4230 1413 4304 tempore
1438 4208 1596 4287 prepterea·

213 4296 370 4384 Boura
391 4305 498 4379 cedis
516 4305 668 4391 Aurelia,
695 4302 778 4375 urbe
786 4300 867 4376 satir
879 4325 1024 4397 magna,
1045 4304 1082 4377 &
1097 4324 1226 4402 potent
1239 4308 1283 4379 ad
1303 4309 1413 4400 ripam

168 4460 173 4469 .
211 4397 342 4493 lauru
363 4394 781 4489 morimundensi
798 4400 903 4498 louge
924 4398 1188 4497 utefisuillani,
1215 4402 1414 4493 habensque
1489 4428 1496 4437 ·

1278 4514 1429 4582 ffloemp
