3984 5167
406 580 699 677 crann
771 578 1236 674 cunctus.
1353 592 1446 699 257·

232 780 305 879 ris)
333 781 382 854 sui
399 775 504 853 officii
521 775 609 853 serio
626 794 886 849 commoneret:
914 772 1065 869 Hiergr'us
1082 797 1169 849 vero
1185 778 1310 851 certior
1322 778 1434 854 factus
1479 806 1584 883 1577.

232 880 418 973 Proregem
446 898 578 948 novum
613 869 839 960 adventasse,
884 869 1014 965 absque
1043 870 1263 945 cunsiatione
1291 880 1362 973 ejus
1383 878 1432 951 se·

231 978 294 1069 qui
312 995 429 1068 partes
445 996 516 1044 non
531 971 730 1054 dubitavit,
749 967 851 1063 seque
866 966 1066 1041 cumfratre
1084 969 1199 1040 Camila
1214 970 1251 1048 de
1265 974 1433 1064 Meghem,

232 1068 521 1163 Hautepennam:
547 1064 654 1163 (quae
675 1066 724 1139 est
745 1063 946 1140 Leodienfis
967 1066 1132 1137 territorii
1157 1088 1227 1137 non
1253 1068 1301 1138 ita
1331 1072 1435 1161 longe

233 1165 414 1238 Namntco
428 1166 679 1238 Berlamoaranae
698 1161 835 1234 samiliae
854 1164 986 1256 pagus)
1013 1160 1163 1235 contulit
1182 1216 1192 1250 ,
1209 1163 1328 1258 ibique
1352 1159 1435 1236 Pro·

235 1284 273 1334 re
299 1264 326 1334 is
346 1260 434 1354 jussu
450 1281 591 1355 paratus
610 1261 654 1330 ad
671 1258 743 1352 ejus
762 1260 947 1351 imperium
965 1260 1000 1326 in
1019 1257 1202 1351 praesentia
1217 1257 1384 1333 consedit.

318 1356 412 1429 CIX.
438 1355 624 1447 Austrr'acus
640 1376 727 1426 vero
747 1354 823 1446 post
842 1352 1036 1426 confestam
1055 1376 1177 1447 pacem
1196 1354 1285 1427 misit
1301 1358 1434 1450 Escovr·

233 1453 308 1525 rium
335 1452 586 1546 Antverpiam‚
610 1468 650 1520 ut
682 1448 725 1520 de
754 1446 992 1544 Hispanorum
1014 1446 1184 1537 discessu,
1225 1476 1292 1543 qua
1322 1448 1434 1548 poss'et

234 1547 435 1643 diligentia,
461 1569 502 1620 ac
528 1546 703 1619 celeritate
719 1566 855 1639 ageret:
881 1544 952 1639 ipse
976 1542 1188 1641 paulopost
1214 1545 1432 1621 Namurcum

236 1643 418 1741 profestos
442 1641 512 1715 est:
544 1646 676 1714 venere
693 1640 743 1712 illi
770 1641 909 1712 obviam
934 1640 977 1713 ad
1005 1640 1091 1713 lines
1116 1641 1257 1715 ditionis
1284 1644 1435 1717 Namur·

237 1738 348 1812 cenfis
365 1742 444 1812 Dux
459 1739 688 1824 Amestratus,
716 1760 795 1810 curn
812 1735 916 1809 fratre
928 1738 1159 1823 Marcbione,
1185 1741 1339 1834 Hiergr'us
1355 1766 1434 1814 curn

235 1832 344 1909 fratre
359 1835 519 1918 Comite,
536 1834 799 1926 aliiqueplures
817 1833 974 1920 nobiles,
987 1832 1133 1907 teverfis
1147 1835 1434 1931 Luxemburgum

236 1934 303 2015 iis,
329 1935 390 2025 qui
414 1956 458 2004 eo
483 1928 592 2025 usque
627 1928 826 2023 Principem
858 1928 999 2001 fuerant
1027 1933 1202 2014 comitati,
1236 1932 1434 2029 paucosque

235 2048 389 2099 moratus
422 2028 520 2108 dies,
552 2024 749 2097 Lovanium
777 2026 903 2119 petiit,
929 2047 969 2098 ut
996 2026 1046 2097 ibi
1069 2025 1284 2117 subsisteret,
1318 2032 1433 2107 donec

236 2120 449 2196 discessrffent
467 2122 486 2193 l
506 2120 630 2216 Belgio
647 2119 818 2215 Hispani,
845 2145 906 2193 arx
938 2121 1201 2217 Antverpienfis
1224 2124 1342 2219 Belgae
1362 2150 1435 2200 cre·

238 2220 311 2293 dita
329 2218 428 2307 esset,
454 2220 587 2314 captivi
610 2220 694 2290 hinc
719 2219 799 2290 inde
818 2216 1055 2302 solverentur,
1097 2239 1200 2314 atque
1230 2225 1345 2296 omnia
1372 2248 1431 2312 ea,

200 2392 204 2399 ,
240 2336 319 2411 quae
337 2337 416 2390 ante
448 2314 678 2387 admissionem
707 2316 845 2407 imperii
874 2316 1066 2411 adimplere
1097 2314 1304 2409 promiseras
1329 2318 1435 2393 essent

239 2413 391 2506 parasia.
417 2410 596 2483 Caeterum
612 2410 815 2481 incredibile
825 2410 891 2495 est,
906 2414 1036 2505 quanti
1053 2414 1287 2499 humanitate,
1306 2415 1434 2489 decori

238 2507 491 2595 familiaritate,
516 2529 557 2579 ac
586 2504 814 2591 liberalitate,
850 2530 929 2601 qnae
955 2507 1060 2578 animi
1082 2508 1182 2583 dotes
1206 2512 1238 2583 ei
1266 2506 1285 2581 it
1310 2512 1434 2585 naturd

239 2602 349 2675 insrtae
367 2626 486 2684 erant,
512 2624 632 2674 omnes
649 2600 853 2697 prosecutus
870 2601 994 2676 fuerit:
1012 2606 1082 2676 lroc
1107 2603 1210 2677 enixe
1227 2605 1385 2695 studens,
1396 2628 1436 2679 ut

241 2701 401 2795 quamvis
411 2719 611 2777 extraneus,
624 2698 830 2771 elamoribus
846 2718 962 2771 tamen
973 2698 1119 2794 belgicis
1133 2700 1435 2795 Belgavideretur.

233 2797 236 2803 '
291 2793 336 2868 C.
362 2795 503 2870 Accidit
519 2812 687 2889 praeterea
705 2792 855 2867 Lovanii
874 2814 957 2867 tunc
972 2814 1172 2891 opportuna
1187 2800 1290 2872 valde
1302 2800 1346 2871 ad
1362 2824 1438 2875 earn

238 2913 315 2966 rem
331 2890 487 2973 occasr03
513 2887 619 2964 motis
641 2889 690 2962 est
708 2889 777 2973 ibi,
803 2911 843 2963 ut
858 2892 896 2965 δι
922 2892 959 2964 in
980 2892 1141 2967 omnibus
1157 2892 1355 2969 Brabantiae
1389 2901 1437 2970 ci·

241 2990 429 3075 vitatibus,
454 3009 514 3062 aut
530 2988 648 3083 potius
665 3008 729 3083 per
751 3008 861 3060 totum
884 2988 1064 3083 Belgium,
1089 3012 1250 3086 tempore
1272 2994 1364 3067 veris
1385 3017 1436 3068 re·

242 3088 382 3159 creandi
402 3087 526 3181 populi
547 3082 673 3173 causa,
699 3084 892 3178 mutuisque
919 3086 1163 3161 conservandis
1193 3092 1354 3163 amicitiis
1377 3115 1438 3165 co·
1512 3154 1517 3177 ,

240 3184 359 3258 horres
388 3186 466 3256 illas
490 3181 633 3273 (Gnldas
651 3183 759 3275 vulgo
776 3180 912 3278 dietas)
937 3201 1024 3279 quas
1042 3187 1077 3257 in
1099 3188 1295 3259 civitatibus
1318 3188 1361 3258 ad
1384 3186 1437 3259 sui

241 3277 474 3353 desenfioncnr
491 3280 576 3352 olim
593 3276 760 3349 institutas
779 3276 879 3371 supra
897 3282 1066 3368 diximus,
1092 3304 1252 3354 exercere
1267 3332 1277 3365 ,
1295 3284 1436 3355 honori-

242 3372 375 3465 busque
400 3374 539 3447 affesias
554 3377 662 3469 magis
682 3376 717 3445 in
732 3373 848 3447 officio
861 3375 1094 3460 confirmare,
1121 3396 1224 3471 atque
1241 3378 1373 3469 erigere
1393 3402 1435 3450 ex

243 3468 314 3540 alti
337 3473 483 3561 quadam
500 3471 606 3555 turri,
630 3494 907 3566 unamquamque
923 3474 1045 3544 harum
1065 3472 1295 3561 Cohortium,
1312 3473 1435 3547 diebus

146 3559 153 3569 ’
242 3562 444 3650 consuetis,
474 3567 627 3661 lignenm
652 3565 836 3662 psittacum
868 3571 976 3663 longo
1006 3564 1119 3641 hastili
1142 3568 1314 3665 infixum,
1341 3572 1436 3645 unde

243 3662 341 3733 illum
351 3660 471 3753 jaculo
489 3664 637 3756 dejicere
652 3666 884 3757 opportebat,
910 3666 967 3737 cui
986 3688 1071 3737 vero
1097 3673 1137 3737 ea
1154 3664 1222 3736 sors
1238 3668 1434 3762 obtigerat,

246 3754 327 3830 Rex
347 3758 479 3828 summo
495 3760 648 3830 omniurn
666 3759 789 3853 plausu
808 3761 1067 3846 declarabatur,
1094 3761 1275 3857 statimque
1291 3764 1437 3858 publico

245 3872 352 3927 aureo
370 3876 517 3947 torque,
542 3850 691 3947 psittaco
714 3878 819 3927 aureo
835 3878 930 3930 exeo
947 3858 1187 3950 dependente,
1213 3882 1275 3953 per
1287 3860 1435 3950 collum,

244 3948 476 4044 humerosque
498 3944 661 4035 demisso,
686 3951 893 4035 ornabatur,
918 3973 1061 4047 totaque
1078 3953 1237 4025 Cohorte
1254 3958 1437 4033 comitatus

243 4049 339 4119 resia
362 4047 406 4120 ad
427 4044 617 4120 Ecclesiam
637 4048 826 4141 gratiarum
853 4046 996 4122 adiionis
1021 4050 1125 4122 causti
1149 4051 1339 4126 ducebatur
1358 4106 1369 4142 ,
1395 4080 1437 4130 ac

245 4144 327 4216 inde
343 4148 385 4216 ad
397 4142 565 4216 Cohortis
575 4144 749 4239 publicam
763 4146 905 4217 domum
931 4144 1063 4242 (vulgo
1079 4147 1349 4243 deGuldelamar)
1375 4156 1437 4226 ubi

246 4259 350 4321 tnnc,
377 4238 414 4311 &
439 4242 604 4336 deinceps
630 4262 694 4334 per
711 4242 853 4337 aliquod
873 4244 967 4333 dies,
992 4246 1030 4318 δι
1046 4242 1136 4339 saepe
1155 4263 1230 4317 toto
1245 4248 1306 4320 illo
1323 4270 1437 4336 anno,

247 4334 582 4411 commessationibus
603 4388 616 4424 ,
641 4336 781 4433 aliisque
806 4339 967 4428 laetitiae,
1000 4342 1038 4415 δι
1072 4338 1294 4417 exultationis
1317 4346 1440 4419 incita-

245 4432 387 4517 mentis,
412 4437 502 4508 inter
522 4436 651 4529 pocula
668 4434 916 4531 indulgebant,
943 4438 979 4512 &
995 4461 1074 4511 cum
1093 4438 1165 4512 dies
1188 4442 1437 4515 nundinarum:

243 4527 349 4625 (quae
369 4528 416 4600 est
432 4531 497 4603 alia
516 4534 609 4625 apud
629 4532 755 4630 Belgas
770 4534 814 4608 ad
838 4534 1045 4609 hilaritatem
1068 4538 1207 4632 antiqua
1231 4536 1373 4635 publica
1391 4536 1443 4606 in·

288 4624 375 4698 Tum.
401 4626 453 4701 ss.
504 4626 587 4700 Pars
610 4650 641 4701 a.
901 4628 985 4718 Kk,
1349 4630 1445 4731 stitu-
