3984 5167
1208 184 1215 217 l

383 462 682 561 LIBER
750 462 1220 581 QUINTUS.
1359 494 1444 587 337

235 652 379 736 etiamst
395 655 624 754 profundam,
650 657 773 737 siccam
789 684 930 750 tamen,
955 681 1059 758 atque
1085 682 1184 758 aqna
1205 662 1347 738 omnino
1368 665 1443 739 ina·
1497 686 1599 761 1579.

245 779 349 843 uem,
372 758 424 832 ita
439 780 478 831 ut
492 782 566 831 non
583 759 762 833 videretur
777 758 971 855 impofibile
981 753 1079 854 porse
1090 758 1255 832 diuturno
1265 782 1372 855 opere
1391 784 1443 836 at·

156 910 160 914 «
247 876 318 949 que
333 852 472 937 labore,
494 852 542 926 src
557 852 607 926 ibi
635 852 788 951 superari
808 856 1047 943 difficultates,
1073 875 1108 928 at
1135 880 1178 929 ue
1201 856 1441 947 incommoda,

241 970 286 1025 ut
302 973 356 1021 res
371 948 417 1021 ad
432 969 593 1047 optatum
617 954 757 1027 tandem
775 952 963 1027 duceretur
981 950 1095 1026 finem.
1157 952 1346 1047 tquoniam
1367 954 1441 1027 huc
1502 959 1505 967 '

233 1047 485 1121 cuniculorum
505 1048 565 1120 via
590 1049 733 1146 (vulgo
755 1048 866 1142 Zoppa
889 1048 909 1089 '
928 1046 1050 1135 dida)
1083 1046 1270 1123 recellerid
1300 1049 1448 1123 multam·
1556 1094 1560 1103 ·

247 1140 361 1216 fecum
379 1163 512 1217 moram
530 1146 656 1234 trahit,
673 1146 955 1239 videbanturque
976 1142 1088 1216 hostes
1108 1144 1267 1230 externi,
1295 1145 1330 1217 in
1349 1162 1446 1217 tante

237 1260 363 1325 mora,
386 1234 632 1314 civitati‘bene
649 1242 782 1314 meriste
800 1240 933 1314 auxiliis
946 1262 1019 1312 non
1037 1237 1217 1327 defuturi,
1235 1242 1384 1337 cupiens
1408 1238 1447 1311 in

237 1333 408 1408 omnibns
416 1354 585 1430 quantum
596 1333 671 1411 fieri
682 1333 792 1431 pollet
803 1336 1104 1431 provideri,castra
1113 1336 1343 1431 undequaque
1352 1337 1446 1411 vallo

232 1432 344 1525 ncingi
358 1434 514 1513 curavit,
538 1454 580 1504 ue
594 1454 742 1505 evocato
764 1455 808 1504 ex
834 1434 934 1527 pagis
956 1434 1213 1507 circumvicinis
1241 1432 1446 1505 rusticorum
1559 1468 1561 1494 ι

235 1549 354 1621 >quarn
376 1524 602 1625 copioliss‘rmo
628 1532 743 1624 potuit
765 1551 935 1611 numero,
961 1551 1112 1623 quorum
1131 1530 1310 1625 praecipue
1337 1522 1447 1624 ope'ra

247 1645 341 1719 opus
360 1624 405 1697 arl
423 1620 671 1720 perfedlionem
689 1623 800 1719 redigi
825 1624 994 1705 debebat,
1018 1627 1113 1698 nulla
1148 1621 1352 1721 interposita
1375 1647 1449 1699 mo·
1569 1656 1572 1663 ·

249 1742 321 1806 ra,
346 1723 442 1816 quod
463 1720 578 1792 animo
603 1741 843 1815 conceperat,
876 1722 921 1795 ad
947 1718 1118 1796 astionem
1140 1724 1342 1809 convertit,
1360 1730 1449 1793 ‘tan-

236 1837 356 1910 1taque
377 1815 557 1911 diligentia
582 1839 624 1891 ac
649 1815 867 1892 solicitudine
896 1816 1147 1891 admirantibus
1170 1820 1273 1891 etiam
1300 1816 1449 1891 summo-

243 1932 337 2007 pere
353 1911 434 2010 ipfis
446 1907 612 1987 militibus
635 1916 672 1985 in
695 1936 738 1985 eo
756 1910 807 1987 est
822 1916 1034 2000 laboratum,
1061 1936 1100 1987 ut
1118 1915 1217 1988 brevi
1235 1932 1448 2010 occupatum

250 2005 369 2101 fuerit,
385 2009 483 2106 quod
501 2030 581 2083 ante
598 2000 1001 2105 portamliruxelleul‘em
1017 2007 1127 2085 stabat
1145 2013 1448 2109 propugnaculum

249 2102 407 2200 foliaque
428 2108 475 2179 ad
488 2104 667 2179 dexteram
682 2104 862 2202 superata3
887 2110 994 2202 inque
1016 2107 1078 2180 illi
1097 2132 1141 2181 err
1158 2108 1261 2203 lignis
1286 2128 1448 2205 terraque

250 2198 413 2279 confecia
427 2204 506 2289 via,
528 2225 699 2299 perquam
715 2206 900 2278 commode'
923 2204 968 2276 ad
993 2201 1166 2297 fastigium
1190 2206 1279 2276 muri
1294 2206 1447 2278 civitatis

244 2318 323 2371 -non
342 2319 475 2371 tantum
491 2301 542 2371 ire
559 2300 708 2382 milites,
734 2298 794 2372 sed
811 2301 1018 2375 &conduci
1033 2297 1169 2394 pollent
1188 2321 1360 2373 tormenta
1374 2302 1448 2373 bel·

240 2397 335 2481 lica,
361 2398 457 2469 unde
482 2391 602 2491 postea
618 2396 785 2489 paulatim
802 2396 1066 2491 progredientes
1092 2394 1213 2490 Regii,
1240 2397 1380 2471 tandem
1404 2418 1449 2470 eo

236 2511 416 2576 uentum,
442 2508 482 2565 ut
496 2486 614 2562 relidla
632 2485 712 2586 post
727 2509 864 2583 tergum
890 2485 1011 2600 port'a,
1036 2511 1149 2563 torum
1172 2493 1262 2563 muri
1282 2492 1447 2573 tracium,

247 2585 334 2683 post
356 2586 492 2682 aliquot
510 2606 764 2659 tormentorum
788 2584 877 2658 illus
896 2588 1101 2665 indextera
1120 2589 1192 2681 ejus
1204 2608 1308 2695 parte
1333 2590 1369 2660 in
1385 2609 1451 2681 po·

253 2682 410 2756 testatem
426 2683 519 2755 suam
534 2682 792 2775 conuerterint:
819 2680 967 2756 sednon
981 2702 1171 2777 propterea
1182 2683 1324 2757 civitate
1339 2682 1450 2779 potiri

254 2780 369 2855 licuit.
422 2776 591 2853 Invenire
619 2780 710 2851 enirn
741 2791 787 2853 err
817 2776 964 2853 adverso
994 2781 1086 2852 intra
1131 2801 1269 2853 murum
1296 2779 1452 2854 civitatis

252 2874 451 2972 direptum,
481 2896 646 2970 magnum
670 2872 772 2947 valde
823 2897 889 2971 pro
917 2879 1125 2972 ugnaculum
1160 2878 1318 2965 (mediam
1342 2878 1450 2949 lunam

252 2976 366 3069 vulgo
381 2974 534 3060 vocant)
560 2970 605 3044 ab
619 2967 756 3045 obseffis
779 2993 854 3045 extr
915 2996 995 3061 um,
1022 2975 1118 3069 quod
1144 2974 1188 3046 ab
1212 2996 1282 3049 una
1306 2972 1350 3047 ad
1367 2975 1452 3049 alte·

250 3066 455 3165 ramusque
480 3068 571 3139 muri
595 3088 731 3163 partem
755 3068 872 3162 pertin
897 3092 987 3155 ens,
1023 3068 1272 3164 abversumque
1303 3072 1345 3144 iis
1370 3090 1451 3165 quae

250 3164 357 3262 Regii
379 3166 627 3248 moliebantur,
649 3163 699 3235 nil
717 3167 829 3237 minus
846 3093 976 3240 laboris
1001 3189 1042 3238 ac
1060 3168 1229 3261 periculi,
1253 3189 1357 3261 quarn
1379 3168 1450 3258 pri·

254 3286 331 3335 mus
343 3264 414 3357 jam
429 3286 518 3336 occu
545 3281 620 3335 atus
636 3284 753 3334 murus
768 3262 891 3334 minari
913 3263 1112 3336 videbatur.
1162 3264 1203 3333 ln
1223 3285 1294 3355 quo
1310 3259 1332 3333 ὲ
1348 3260 1451 3335 vesti·

254 3361 316 3450 gio
329 3361 501 3433 collocata
515 3286 593 3432 liant
612 3356 732 3431 decem
749 3357 796 3432 ·&
826 3376 976 3453 quatuor
1000 3377 1174 3431 tormenta
1202 3358 1349 3443 bellica,
1374 3358 1451 3451 qni·

254 3454 322 3526 bus
340 3456 638 3549 propugnaculum
657 3455 744 3526 iilud
768 3476 900 3528 novum
918 3475 1140 3550 quateretur,
1165 3451 1222 3527 sed
1245 3452 1284 3531 δι
1309 3452 1377 3525 hoc
1395 3453 1449 3527 bis

253 3547 355 3624 senos
373 3552 557 3623 continuos
585 3554 660 3623 dies
675 3548 808 3623 frustra
832 3570 1010 3624 tentatum.
1060 3548 1222 3624 Tandem
1246 3550 1332 3625 verd
1354 3548 1451 3625 lutri

252 3666 319 3743 per
336 3646 512 3718 dexteram
534 3649 628 3719 muti
641 3648 907 3741 'longitudinem
935 3644 1088 3721 cuniculi
1112 3650 1157 3720 ad
1180 3646 1304 3721 turrim
1320 3643 1448 3739 usque,

252 3744 418 3838 angulum
446 3743 548 3813 eain
566 3761 671 3836 parte
697 3744 852 3817 civitatis
873 3742 1114 3829 efficientem,
1138 3746 1176 3816 dr
1196 3763 1239 3815 ex
1258 3764 1323 3835 qua
1342 3740 1448 3816 trans·

253 3836 352 3912 versa
370 3840 463 3911 linea
487 3836 739 3911 extendebatur
758 3862 902 3929 murus,
930 3861 1035 3936 atque
1062 3840 1153 3913 intra
1178 3838 1298 3922 illum,
1323 3839 1448 3911 eodem

251 3935 500 4031 progregieudi
520 3931 649 4017 modu,
673 3954 717 4007 eo
731 3955 878 4008 ventum
895 3934 967 4017 est,
991 3956 1032 4009 ut
1050 3958 1114 4029 pro
1141 3934 1449 4029 ugnaculumillud

250 4052 384 4105 norum
400 4030 527 4127 postse
546 4031 567 4103 l
583 4050 694 4125 tergo
721 4032 925 4126 reliquerint
947 4027 1064 4126 Regii.
1114 3960 1249 4105 iactos
1272 4052 1351 4105 ante
1375 4032 1448 4105 dies

250 4125 411 4226 fclopeto
426 4147 500 4202 erat
514 4125 604 4202 idus
624 4126 826 4226 Sebastianus
843 4180 855 4217 ,
888 4130 934 4204 de
951 4148 1022 4225 quo
1038 4126 1160 4228 supra,
1185 4129 1292 4205 itaut
1313 4130 1450 4303 aliqqqt

880 4284 885 4293 .
1148 4278 1150 4283 .
1336 4251 1365 4305 n
1434 4264 1450 4283 ·

416 4271 435 4362 i
456 4318 593 4404 Suffoffio
611 4338 776 4391 murorum.
1042 4350 1049 4363 ·

292 4410 389 4489 istm
412 4416 437 4491 l
443 4417 475 4492 1.
499 4418 585 4497 Pars
608 4439 643 4496 a,
900 4413 969 4497 Vn
