3984 5167
592 559 677 653 444
733 532 766 673 r.
795 531 840 621 a.
876 554 949 620 mr
985 524 1237 624 unss1s
1277 496 1696 669 conuuu‘rg

450 738 552 825 1584,
594 735 697 812 taque
722 714 880 809 potentia
896 714 1027 787 caeteris
1052 710 1244 785 Catholicis
1267 706 1485 795 Provinciis,
1510 708 1781 804 velspotiustori
1878 729 1880 820 g

594 816 670 887 orbi
687 811 883 883 Christiano
898 808 966 881 sese
982 812 1207 879 metuendum
1225 808 1387 878 reddere..
1432 808 1595 896 Philippus
1614 809 1674 877 cui
1685 806 1782 899 juste

596 905 705 983 causac
722 930 793 979 non
818 907 978 991 deerant,
1005 904 1051 973 ob
1079 903 1219 997 injurias
1243 925 1292 975 ac‘
1308 898 1499 984 invasiones
1524 898 1658 972 Galliae
1683 908 1782 987 (cum

597 1022 718 1077 contra
734 1006 775 1075 ad
803 1000 1099 1074 conservationem
1128 995 1403 1088 beneficiumque
1419 994 1552 1066 Gallici
1568 996 1703 1089 imperii
1713 998 1783 1091 ipso

596 1096 729 1190 Regem
748 1098 881 1169 auxiliis
889 1088 1049 1187 juviffet)
1069 1114 1191 1164 contra
1204 1090 1238 1163 se
1255 1111 1435 1175 tentatas,
1448 1092 1499 1162 uti
1514 1088 1618 1183 supra
1632 1090 1784 1177 dietum,

597 1194 734 1287 quidvis
755 1212 877 1263 contra
897 1212 974 1261 eum
992 1188 1249 1259 machinandi*
1272 1188 1365 1259 haud
1380 1188 1481 1259 etiam
1503 1185 1665 1277 ignarus,
1687 1188 1781 1282 qaod

597 1287 732 1381 Regina
753 1286 873 1359 Mater
892 1284 1005 1355 statim
1018 1283 1095 1377 post
1112 1283 1244 1354 obitum
1259 1281 1345 1363 filii,
1368 1283 1480 1373 palam
1498 1277 1571 1349 fibi·
1582 1282 1781 1356 cameracum

522 1356 569 1409 as,
598 1381 816 1465 vindicallet‚
855 1379 1012 1472 ipsosque
1041 1379 1153 1470 Belgll
1176 1376 1321 1451 rebelles
1354 1373 1474 1448 fovete
1493 1376 1790 1466 noodesrsteret,

599 1478 689 1550 unde
709 1483 836 1570 majora
854 1476 943 1546 oriri·
961 1470 1147 1564 potuillent
1174 1471 1413 1556 incommoda,
1439 1468 1499 1540 nisi
1524 1472 1593 1541 illis
1617 1474 1782 1567 tempesti-

596 1575 642 1645 ve
656 1593 913 1646 occurreretur:
938 1569 1023 1661 quin
1050 1569 1154 1641 etiam
1176 1565 1423 1651 confiderans,
1450 1588 1490 1634 ea
1513 1584 1781 1661 qua-propone·

596 1670 740 1750 bantur,
767 1669 896 1737 bonum
915 1664 1095 1756 publicum
1116 1659 1308 1756 Religionis
1326 1682 1557 1742 concernere,
1583 1661 1781 1735 consultius·

596 1786 664 1855 que
690 1767 850 1845 ducens,
876 1756 1041 1852 fiquldem
1065 1758 1193 1830 bellum
1208 1756 1398 1849 gerendum
1414 1752 1496 1827 effer
1504 1805 1515 1839 ,
1540 1758 1679 1828 illudio
1697 1757 1783 1829 Gala
1880 1825 1881 1828 ,

598 1858 653 1927 liae
672 1856 882 1939 visceribus,
908 1876 1011 1947 quarn
1043 1854 1079 1923 in
1108 1853 1184 1925 suis·
1200 1852 1343 1947 Regnis
1357 1852 1450 1946 geri,
1487 1848 1618 1943 Galſsr's,
1643 1849 1782 1947 aliisque

599 1948 713 2024 Gallis
731 1950 956 2029 Catholicis,
973 1949 1033 2040 qui
1052 1949 1095 2020 ab
1114 1969 1234 2023 eorum
1262 1948 1419 2042 partibus
1444 1944 1596 2029 stabant,
1622 1944 1781 2021 affociaro
1832 1992 1841 2013 .

596 2046 629 2116 se
646 2038 686 2118 ac'
702 2048 911 2140 conjungere
935 2044 1109 2126 decrevit,
1133 2040 1378 2139 pollicitusque
1389 2044 1528 2113 mittere
1542 2066 1614 2136 quo
1632 2046 1788 2125 vellent,

596 2136 945 2319 lllilllllll
962 2137 1273 2329 {llario}
1293 2140 1537 2306 {lllllu
1555 2138 1782 2305 illibi?

863 2314 870 2327 .
927 2282 943 2314 7
1769 2286 1782 2321 2

596 2350 767 2425 praetentu
795 2330 1013 2425 negotiorum
1037 2331 1251 2420 privatorum
1268 2329 1431 2421 Jonar'lam
1444 2326 1609 2419 (quaeest
1627 2326 1724 2420 Gaifii
1739 2329 1782 2401 ad

599 2426 685 2499 fines
703 2426 939 2519 Lotlraringiae
961 2426 996 2494 in
1016 2422 1184 2516 Campania
1199 2424 1396 2518 oppidum)
1421 2421 1490 2495 sese
1511 2426 1711 2505 contulere,
1734 2422 1784 2495 ibi

598 2544 702 2616 quern
718 2524 887 2613 Philippus·
898 2520 1048 2590 mitteret
1068 2516 1305 2613 exspectaturi.
1356 2516 1436 2588 Nec
1453 2519 1513 2591 diu
1530 2518 1782 2591 moramtraxe⁴

598 2618 734 2710 aequin
752 2620 953 2688 adventaret
972 2614 1120 2700 Marcus,
1145 2616 1338 2686 nuntiarum
1355 2636 1398 2683 eo
1412 2636 1599 2685 venturum
1618 2615 1784 2687 aermna-

550 2704 556 2709 ’
598 2736 670 2781 num
693 2714 743 2783 Da
766 2714 919 2785 alieniora
936 2726 994 2779 aut
1016 2704 1164 2803 Taffiam.
1215 2708 1277 2780 llle
1295 2730 1359 2801 per
1376 2708 1512 2801 aliquot
1522 2730 1591 2783 tem
1645 2711 1782 2803 slegati

597 2806 980 2901 Hispaniarumnunus
998 2806 1092 2895 apud
1104 2801 1573 2896 Reginanrllnglnuobierat¹
1602 2804 1644 2876 ed
1663 2802 1783 2898 postes

597 2899 669 2991 ipsa
690 2900 824 2983 aestate,
846 2898 959 2971 nescio
974 2920 1043 2990 qua
1066 2898 1108 2969 de
1127 2897 1258 2981 causa,
1270 2895 1433 2991 alRegina
1448 2900 1537 2970 intra
1552 2900 1624 2971 dies
1642 2900 1784 2993 quinde·

597 3000 666 3067 cim
686 2991 811 3087 Regno
832 2994 1001 3067 excedere
1022 2992 1140 3087 julius.
1190 2992 1313 3086 ltaque
1335 2987 1511 3085 profectus
1540 2994 1715 3067 Turnacum
1739 2996 1782 3068 ad
1881 3049 1882 3080 ,

596 3088 815 3177 Parrnenstm,
840 3084 1038 3182 paucosque
1058 3091 1106 3159 ibi
1126 3089 1198 3161 dies
1224 3110 1400 3173 moratus,
1430 3085 1549 3161 relicta
1563 3092 1795 3185 ermerago,
1881 3087 1882 3124 r

594 3180 741 3267 familia,
775 3206 862 3255 curn·-
885 3186 1007 3275 paucis
1028 3186 1189 3255 Lutetiam
1217 3181 1606 3276 Parrstoranprofeetus
1632 3185 1701 3268 est,
1739 3211 1783 3263 oo

595 3298 775 3373 pretextu·
795 3280 957 3374 publico,
994 3279 1091 3370 quod
1112 3280 1217 3350 vellet
1248 3280 1297 3350 ibi
1323 3276 1483 3351 mandata
1508 3282 1649 3371 Philippi
1682 3280 1784 3377 saper

595 3372 738 3447 discell'u
757 3373 816 3446 luo
841 3396 889 3446 ex·
914 3372 1062 3467 Anglia,
1086 3375 1319 3469 opportunius
1345 3376 1538 3468 erpeuare.
1588 3374 1714 3449 Postea
1734 3397 1786 3449 ta·

594 3490 675 3542 rnen
696 3466 773 3539 satis
796 3471 957 3562 apparuit
974 3472 1079 3563 longe
1097 3471 1196 3539 aliam
1221 3472 1293 3563 ejus
1317 3472 1508 3542 adventurn
1532 3469 1687 3543 habuille
1703 3495 1786 3547 cau·

594 3562 662 3635 sam
672 3588 689 3649 3,
709 3560 890 3635 affectabat
903 3566 993 3636 enim
1007 3564 1381 3658 legationemGalliae,
1399 3588 1511 3660 neque
1525 3567 1561 3638 id
1579 3588 1650 3639 tam
1663 3572 1785 3643 occult

595 3661 632 3731 te
644 3710 655 3745 ,
682 3657 776 3752 quin·
792 3658 923 3730 Tornact'
939 3656 1152 3750 Parnrrnsts,
1167 3660 1317 3732 animum
1339 3660 1413 3755 ejas
1437 3661 1630 3747 intellexit;
1655 3684 1695 3735 ut
1718 3687 1787 3739 nec

592 3750 711 3849 postea
726 3750 943 3849 ipsrrnetejus
957 3752 1076 3827 famuli
1092 3755 1128 3827 id
1145 3757 1258 3829 celare
1266 3758 1522 3849 potuere‚com
1536 3759 1631 3851 apud
1642 3756 1788 3928 lapion

594 3852 846 3936 diverteretur‚
871 3851 1029 3943 quicum
1049 3848 1147 3925 fimul
1171 3872 1205 3944 at
1231 3875 1275 3925 ue
1301 3854 1504 3939 advenerat,
1527 3852 1673 3926 domurn
1708 3877 1802 3929 uam·

591 3946 815 4045 deduxerant.
828 3964 962 4039 perque
982 3963 1079 4019 totas·
1104 3943 1222 4020 sesne
1250 3947 1434 4036 domadas,
1458 3970 1532 4043 quo
1546 3968 1687 4043 poterat
1717 3952 1789 4023 bo-

591 4060 675 4112 nore
694 4062 735 4113 ac
750 4039 994 4115 munificentia:
1006 4040 1191 4116 tractarat?
1227 4040 1543 4116 Caererunrmedia·
1561 4046 1688 4139 quibus
1707 4068 1789 4121 ute·

592 4134 714 4218 batur,
738 4156 835 4208 erant
857 4132 1029 4231 Reginam
1052 4136 1202 4211 Matrem
1220 4138 1261 4213 δι
1284 4136 1425 4231 castam
1449 4138 1630 4235 separatim
1652 4137 1791 4235 saepius

591 4228 1080 4328 conuenire,.an1borumqno
1101 4232 1393 4309 benevolentiam·
1411 4234 1712 4333 multisprorniffis
1737 4238 1791 4312 ad

592 4318 1629 4435 illlaualasqna.=lnssltatum=serrrenubus,.agrotabat
1643 4335 1808 4443 undem·

1048 4476 1052 4483 ·
1735 4448 1796 4505 ΠΝ
