3984 5167
438 538 731 631 arnan
790 502 1192 633 sunaus.
1349 564 1433 656 437

236 732 304 825 jam
325 726 431 809 etiam
448 727 554 801 essent
570 722 699 811 attari,
726 745 842 821 curam
866 724 1069 816 relinquens
1090 722 1272 793 Marciioni
1294 723 1346 797 De
1365 723 1431 797 Ro-
1475 733 1584 820 1583.

239 828 312 896 bais
329 824 516 899 reducendi
536 824 725 893 exercitum
736 870 747 905 ,
773 819 844 915 ipse
862 821 983 915 paucis
1007 818 1166 911 equitum
1185 818 1305 889 turmis
1323 819 1429 891 comi·
1461 867 1542 941 &W
1635 880 1640 888 .

239 940 330 993 tatus
345 970 355 1003 ,
373 922 485 1013 longis
506 919 683 991 itineribus
708 918 894 987 Dvnkerken
913 914 1032 987 versus
1050 912 1267 1009 properavit,
1275 910 1334 984 sed
1351 936 1427 985 eam
1461 945 1607 1005 Dum„

238 1014 401 1099 obsessam
414 1014 558 1096 invenit,
567 1012 740 1087 festinavit
759 1035 827 1084 non
843 1010 1000 1084 minutio
1014 1008 1234 1103 profesiione
1246 1007 1431 1081 Marchiot
1460 1024 1535 1094 aar»,

237 1134 387 1207 cumque
414 1109 649 1195 adventasset,
683 1108 793 1181 statim
822 1130 940 1179 murus
966 1107 1064 1201 quati
1088 1126 1234 1201 coeptus.
1273 1102 1361 1177 Erat
1393 1105 1430 1175 in
1461 1099 1578 1164 Neara·

239 1212 375 1304 oppido
393 1204 552 1306 praesidio
569 1204 743 1277 Dominus
763 1206 814 1275 De
835 1203 974 1275 Characis
992 1227 1063 1275 una
1081 1225 1160 1274 cum
1183 1204 1323 1297 legione
1336 1200 1431 1273 'Caah
1461 1188 1540 1311 ‘1³¹2
1568 1250 1615 1328 ὃ,

236 1307 363 1377 lorum.
412 1300 644 1397 Arrdegavenfis
659 1300 770 1371 biduo
788 1318 923 1371 tantum
947 1317 1027 1371 ante
1049 1296 1263 1372 obsidionem
1291 1298 1430 1369 Caietam
1464 1271 1582 1392 [girm’a

238 1405 440 1495 navigarat,
467 1422 508 1469 ac
531 1396 614 1468 inde
638 1396 681 1467 ad
711 1393 880 1487 Castellum
910 1390 1055 1488 Thyrry,
1080 1395 1178 1485 quod
1202 1394 1252 1466 est
1272 1396 1310 1468 in
1337 1393 1430 1467 ssriae
1461 1406 1530 1467 dar.

238 1495 426 1569 Provincia
451 1492 623 1587 oppidum
652 1488 747 1563 suum
776 1486 809 1559 se
835 1491 993 1585 contulit.
1052 1489 1222 1560 Dunkerko
1246 1495 1324 1585 post
1349 1490 1432 1563 satis

239 1591 404 1686 magnam
423 1591 511 1662 muri
535 1590 667 1659 ruinam
684 1587 720 1657 in
743 1584 957 1657 deditionem
986 1586 1096 1659 venit.
1146 1584 1325 1680 Parmenſss
1346 1610 1428 1685 pru·

240 1687 365 1761 denter
379 1683 519 1757 fortuna
535 1682 636 1765 usus,
660 1687 681 1753 e
702 1670 851 1775 vestigio
872 1680 1009 1775 Bergan
1027 1681 1134 1753 Sardi
1155 1679 1292 1757 Waoca
1313 1682 1433 1759 versut

237 1782 379 1871 movit,
405 1802 512 1877 eaque
531 1780 619 1853 citra
638 1778 895 1852 curandorum
913 1776 1059 1862 dedita,
1084 1775 1275 1867 Neoportum
1300 1780 1431 1876 (quod

237 1880 345 1954 etiam
370 1875 407 1949 se
425 1875 581 1964 dedidit)
608 1872 762 1949 similiter
780 1874 970 1960 Diamuda3
987 1872 1112 1947 dende
1134 1872 1233 1965 Ypras
1248 1875 1434 1971 profectus

239 1976 313 2060 est,
338 1994 444 2069 quam
468 1968 610 2047 castello
629 1988 832 2067 opportuno
852 1971 890 2043 in
905 1970 990 2043 ioco
1005 1968 1189 2064 extrosto,
1205 1978 1261 2045 cui
1280 1974 1431 2069 praeficit

237 2074 419 2147 Dominum
441 2068 491 2143 De
509 2068 628 2163 Verp†
653 2065 821 2161 paulatim
846 2067 891 2137 ad
918 2064 1132 2139 deditionem
1155 2088 1283 2163 cogere
1312 2073 1430 2147 decre·
1492 2068 1494 2071 ’

236 2168 316 2254 vit,
343 2166 438 2260 quod
467 2166 570 2237 etiam
595 2164 702 2259 paulo
728 2157 807 2260 post
832 2158 995 2237 successit.
1045 2160 1182 2256 Regina
1213 2165 1332 2238 Mater
1359 2172 1430 2237 hoc

235 2286 333 2339 anno
349 2262 490 2336 insulam
512 2258 680 2333 Yerzttom
697 2258 807 2333 multo
827 2258 950 2331 muniit
975 2258 1084 2331 milite
1100 2281 1142 2330 ex
1161 2258 1279 2332 Gallia
1308 2261 1432 2345 misso,

238 2359 447 2454 curavitque
475 2358 631 2451 pluribus
661 2358 698 2427 in
721 2356 808 2429 iocis
840 2354 954 2433 extrui
983 2351 1149 2440 castella,
1175 2377 1254 2448 quo>
1279 2355 1429 2429 securius

239 2452 520 2531 conservaretur.

292 2549 427 2625 XXII.
463 2548 622 2639 Phiiippus
643 2542 732 2619 verd
759 2544 1152 2619 animadvertensiilam
1183 2547 1346 2618 diuturna
1369 2546 1434 2621 sua
1481 2610 1490 2619 .

241 2644 340 2721 abuti
366 2644 628 2741 longanimitate
655 2662 697 2711 ac
722 2644 911 2735 patientia,
936 2637 1118 2732 multisque
1148 2639 1270 2715 officiis
1305 2642 1433 2736 saepiue

242 2765 310 2840 per
332 2738 504 2837 Legat'um
520 2735 617 2811 suum
634 2734 735 2831 super
751 2735 964 2833 eoadhibitie
972 2785 985 2825 ,
1005 2736 1090 2807 nihil
1107 2738 1316 2826 ambitionis,
1331 2740 1431 2819 nihil-

271 2860 313 2912 ue
329 2836 389 2909 irae
411 2857 532 2910 contra
549 2832 582 2907 se
602 2836 799 2922 remittere,
825 2828 1004 2926 filiumque
1018 2832 1154 2924 Regem
1173 2837 1288 2929 quoad
1313 2838 1432 2910 matris

241 2863 427 3029 (statusque
458 2930 764 3021 machinationes,
797 2930 845 3001 nil
873 2948 997 3025 praeter
1024 2926 1167 3003 frivolas
1193 2931 1432 3008 excusationes

243 3028 405 3116 adferre,
426 3026 595 3102 voluit&
622 3022 693 3118 ipse
724 3022 858 3099 secreto
888 3024 1029 3097 scrutari
1060 3047 1104 3097 an
1124 3031 1340 3101 tumultuum.
1358 3052 1438 3102 mo-

241 3148 413 3223 tuumque
435 3122 561 3199 Galliae
583 3118 750 3215 suspicio,
778 3118 822 3194 de
847 3143 915 3215 qua
932 3142 1050 3194 rumor
1070 3122 1164 3216 apud
1184 3123 1434 3210 exteros,sun·
1466 3130 1527 3190 Res
1549 3133 1619 3190 aaa·

242 3225 397 3299 dementi
412 3222 498 3319 quid
523 3216 685 3299 haberet,
710 3235 749 3288 ut
760 3238 803 3288 ex
820 3242 863 3293 eo
882 3218 967 3313 quid
980 3217 1028 3319 ad
1043 3216 1278 3293 defensionem
1294 3243 1336 3294 ac
1348 3244 1434 3293 cort-
1466 3208 1621 3284 ‘Mami‘

173 3356 179 3371 ν
239 3316 473 3395 servationem
502 3314 552 3409 sui
582 3314 725 3387 ulterius
750 3310 835 3387 esset
854 3315 1059 3410 agendum,
1092 3314 1215 3387 melius
1237 3316 1437 3410 coiiigeret,
1465 3289 1618 3423 ξξρᾞ,

241 3415 383 3511 Agebat
403 3412 481 3485 Rex
506 3412 610 3483 vitam
638 3408 826 3483 admoduni
854 3412 999 3485 mollem
1025 3430 1068 3479 ac
1094 3410 1313 3496 deliciosam,
1337 3416 1434 3508 cupi·
1466 3381 1611 3499 ,ffls

240 3508 390 3585 diistmus
413 3510 569 3583 omnium
588 3528 728 3593 eorum,
754 3528 984 3601 quaecumque
999 3502 1114 3577 animo
1129 3505 1287 3583 collibita
1307 3504 1439 3595 esseut,
1468 3515 1530 3596 effer
1547 3517 1621 3579 cat·-

241 3609 357 3681 aetarii
374 3606 569 3681 cumulator
587 3604 773 3675 acerrimus
790 3623 831 3673 ac
852 3600 1004 3695 ejusdem
1027 3597 1239 3695 dispensator
1254 3602 1437 3699 profustisr·
1468 3600 1514 3657 ²³5·

242 3726 345 3786 moa,
369 3703 455 3797 quin
471 3699 576 3775 etiam
593 3696 805 3772 afficiebatur
820 3720 902 3792 erga
928 3696 1117 3794 quosdam,
1141 3696 1269 3793 eosque
1294 3702 1438 3774 nonad-

243 3799 390 3873 modum
410 3797 627 3893 praecipuos,
653 3816 770 3868 amore
786 3814 857 3866 tam
872 3793 1091 3880 vehementi,
1116 3814 1156 3866 ut
1174 3797 1263 3868 nihil
1276 3799 1310 3867 ei
1327 3799 1438 3893 magis

151 3932 158 3941 ·
242 3893 329 3973 effet
352 3914 467 3979 curae,
492 3913 598 3987 quam
623 3913 685 3962 eos
710 3892 753 3963 ad
767 3887 933 3965 summum
953 3890 1172 3964 authoritatis
1200 3912 1241 3965 ac
1266 3896 1437 3986 potentiae

241 3993 393 4088 gradum
411 3990 580 4073 evehere,
605 3982 773 4079 negleb'iis
793 3986 981 4083 praecipuis
1008 3983 1125 4081 Regni
1145 3982 1327 4081 Regalis,
1342 3991 1439 4064 unde

241 4088 385 4167 tandem
406 4084 470 4163 sibi
486 4084 607 4163 odium
625 4078 792 4159 conflavit
812 4084 906 4181 apud
923 4085 1051 4159 multos
1063 4132 1086 4171 ,.
1102 4100 1266 4178 tantaque
1279 4082 1440 4197 indigna,

1346 4200 1454 4260 How

287 4382 456 4471 hebetarat
476 4386 591 4465 &aar
612 4384 706 4474 Serge.
727 4388 761 4457 de
784 4384 905 4560 Ἥ,
928 4382 1040 4458 Grattd
1060 4384 1161 4473 uasta
1184 4385 1222 4457 ds'
1245 4386 1439 4488 cauerat„

918 4507 949 4579 3,
1465 4520 1473 4553 a
