3984 5167
563 526 648 621 490
703 497 736 606 J.
767 492 812 583 B.
842 514 916 581 un
953 484 1204 585 TASSIS
1232 482 1643 579 COMMENT.

412 696 514 782 1588.
562 692 670 789 tisque
683 687 857 785 supplicio
876 680 1011 757 afficere
1025 682 1163 767 vellet,
1188 677 1228 751 dt
1248 678 1326 773 jure
1341 674 1471 775 posset,
1495 680 1660 774 Philippa?
1674 664 1759 759 tun}
1882 579 1884 682 1

565 789 730 883 temporis
753 788 872 856 Maria
889 781 1110 853 matrimonio
1124 773 1349 869 eonjunetus,
1375 778 1468 848 htud
1485 776 1591 850 inscii
1615 779 1764 869 Elisabe·
1883 795 1884 850 ὲ

566 885 620 959 isid
646 882 738 978 apud
757 900 900 953 uxorem
917 902 982 973 pro
1000 877 1041 948 ed
1059 874 1263 956 interceffit,
1290 894 1332 944 nt
1355 872 1429 943 solo
1451 874 1567 946 mariti
1579 875 1765 968 ratperta,
1883 899 1884 966 ι

560 974 673 1055 vitam
696 982 728 1051 ei
748 974 969 1059 concesserim
994 969 1042 1045 sic
1066 994 1106 1042 ut
1123 967 1289 1042 defundi
1314 970 1410 1041 baud
1431 969 1501 1040 diu«
1519 970 1599 1065 post
1624 972 1762 1057 Mora,
1883 983 1884 1054 1

485 1098 502 1123 Χ
565 1077 726 1171 Regnum
756 1072 824 1145 sibi
858 1070 1014 1165 potuerit
1045 1069 1250 1149 vindicare,
1277 1066 1470 1161 eodemque
1501 1068 1607 1139 suerit
1636 1070 1764 1161 potita-
1883 1089 1884 1152 4

568 1172 726 1267 Dignum
750 1190 888 1254 revera,
904 1164 1037 1239 eterna
1053 1164 1266 1257 gratitudine
1281 1160 1501 1235 beneficium.
1532 1163 1605 1234 Sed
1622 1165 1766 1254 Elisabo·

570 1270 629 1344 abd
646 1265 812 1340 haereseos
826 1284 966 1339 veneno
988 1259 1099 1355 (quae
1118 1260 1290 1355 negleeio·
1309 1260 1476 1340 honesto,
1499 1259 1611 1331 solum
1638 1266 1767 1356 quaerit
1883 1243 1884 1272 ¹

563 1366 684 1457 urile)
708 1362 853 1436 ‘omnino
875 1362 1046 1443 imbuta,
1065 1359 1262 1429 immemor
1287 1378 1411 1428 eorum
1440 1378 1520 1451 quae
1545 1359 1764 1444 accidemnu,
1883 1387 1884 1402 i

567 1462 681 1559 primo
699 1458 815 1531 oblatd
831 1453 1013 1529 occasone
1029 1477 1084 1527 res
1103 1454 1236 1544 Philippi
1253 1450 1385 1523 summo
1406 1451 1541 1537 studio,
1553 1474 1664 1548 atque
1681 1459 1766 1529 odio
1883 1543 1884 1550 ἵ

565 1554 727 1633 secessere
744 1556 878 1647 coepit,
904 1554 940 1627 δι
959 1550 1046 1623 sicut
1073 1570 1153 1622 orto
1179 1550 1215 1620 iii
1238 1547 1384 1643 Gallia,
1410 1551 1619 1644 paulopost
1647 1551 1767 1625 conse·
1883 1553 1884 1624 1

570 1654 660 1726 eiam
680 1675 759 1723 cnm
778 1652 919 1815 Phidipo
939 1670 1090 1742 pacem,
1114 1666 1237 1717 contra
1255 1644 1486 1739 Hugonuttos
1507 1648 1625 1734 bello,
1652 1651 1702 1720 eis
1719 1649 1766 1721 sa·
1883 1693 1884 1702 κ

569 1774 654 1823 vere
678 1764 851 1841 coeperat,
879 1766 912 1816 ic
936 1742 1140 1818 confirmata
1160 1740 1539 1835 inBelgioabAumi'co
1556 1744 1766 1829 rebellionea

572 1847 715 1919 eandem
739 1841 860 1915 favere
878 1862 951 1913 non
969 1837 1139 1926 desierat,
1163 1838 1280 1909 mustis
1295 1834 1476 1933 progressu
1492 1843 1768 1935 temporisquae·

572 1940 665 2025 sitis,
690 1936 918 2031 adhibitisque
939 1935 1075 2018 modis,
1100 1934 1228 2031 quibua
1249 1930 1424 2007 obstinata
1442 1934 1562 2022 staret,
1596 1937 1767 2031 Philippa}

573 2062 641 2133 que
650 2034 866 2129 sumptibus,
893 2052 934 2105 ac
953 2032 1114 2103 molestiis
1140 2031 1389 2104 involveretur.
1440 2029 1627 2129 Denique,
1656 2034 1695 2107 δι
1719 2033 1770 2107 ad

573 2153 735 2227 apertum
755 2132 858 2201 etiam
876 2130 1005 2201 bellurn
1033 2128 1145 2201 eidem
1169 2126 1388 2200 inserendum
1414 2129 1561 2201 animuin
1585 2149 1768 2215 verterat,

574 2254 615 2303 ac
631 2230 755 2301 exinde
772 2227 858 2299 mari
867 2224 1052 2318 ,terrdque
1071 2225 1384 2298 innumerabilibus
1400 2225 1534 2297 damnis
1550 2226 1769 2300 acmorettiis

576 2322 767 2411 affecerat,
791 2320 970 2417 indiesque
996 2318 1178 2395 afficiebat.
1228 2320 1341 2414 Quod
1372 2345 1451 2394 cum
1478 2322 1670 2415 Philippus,
1703 2338 1772 2397 nec

575 2420 711 2497 honesti
738 2417 1033 2499 confideratione,
1052 2440 1123 2490 nec
1142 2440 1257 2490 rerum
1282 2416 1420 2489 suarum
1446 2418 1773 2492 necessariautilita·

577 2539 612 2593 te
637 2516 697 2591 diu
721 2520 873 2589 tolerare
894 2512 1005 2609 posset
1015 2563 1027 2599 ,
1053 2516 1092 2589 dc
1104 2511 1182 2609 ipse
1200 2517 1246 2586 ad
1263 2514 1477 2588 ulciscendae
1495 2538 1564 2587 tarn
1577 2538 1704 2609 graves
1720 2518 1773 2588 in-

519 2654 523 2663 ·
570 2614 679 2711 ¹jurias
700 2617 786 2688 citra
816 2611 963 2686 causam
978 2610 1122 2697 illatas,
1158 2631 1323 2705 tantaque
1349 2613 1475 2683 damna
1499 2610 1574 2684 ase
1599 2616 1771 2696 arcenda,

578 2709 725 2807 Reginae
741 2710 873 2783 bellum
892 2706 1021 2780 inferre
1044 2709 1213 2780 statuerat.
1257 2709 1357 2780 'Cum
1373 2708 1492 2780 Gallia
1507 2711 1656 2783 internis
1673 2712 1774 2782 moti

576 2808 643 2877 bus
659 2812 787 2901 plena,
811 2828 852 2878 ea
867 2809 902 2876 in
918 2828 957 2877 re
974 2801 1156 2875 obstaculo
1173 2802 1315 2876 sibieffe
1329 2828 1400 2876 non
1415 2826 1579 2900 poterat,
1592 2809 1646 2877 uti
1659 2809 1773 2901 quieta

579 2900 697 2974 facere
717 2900 901 2996 potuisset,
928 2896 1129 2995 fecissetque
1148 2900 1400 2995 proculdubio
1422 2896 1603 2975 evidentes
1628 2901 1709 2975 sutis
1726 2902 1769 2975 ob

581 2995 723 3078 causas,
747 3018 873 3090 nempe
896 2997 1087 3090 rie-Angna
1111 2998 1186 3067 aliia
1215 3015 1283 3068 tam
1306 3000 1490 3091 opulentis
1514 2997 1696 3095 Hispania
1724 3022 1774 3071 re·

580 3096 662 3189 gnis
681 3116 824 3183 annexa,
837 3089 969 3185 Regem
986 3095 1083 3163 illuni
1100 3091 1196 3165 tanti
1211 3095 1318 3167 vicini
1332 3096 1431 3187 regni
1445 3094 1636 3168 accessione
1649 3094 1774 3191 Gallia

571 3190 833 3281 'formidabilem
852 3184 1025 3262 redderet.
1039 3188 1147 3282 'Quae
1165 3188 1394 3262 consideratio
1410 3193 1602 3285 antiquitus
1613 3195 1649 3263 in
1670 3191 1776 3265 consi·

571 3281 833 3361 ‘siis'amborum
857 3285 998 3379 Regum
1018 3283 1150 3377 semper
1170 3287 1286 3358 habita
1312 3286 1463 3381 suit‚·ut
1490 3287 1774 3383 quotiescumque

571 3388 729 3459 alterum
750 3406 869 3457 eorum
890 3383 1050 3476 Aiigliam
1065 3381 1253 3455 invadendi
1270 3385 1402 3477 cupido¹
1419 3383 1573 3466 incessit,
1596 3388 1699 3459 alteri
1720 3387 1775 3466 id,

583 3480 711 3573 quibus
745 3478 856 3573 posset
886 3478 1019 3550 viribus
1053 3478 1222 3571 impedire
1249 3479 1471 3554 necessarium
1506 3480 1622 3553 visum
1658 3480 1774 3556 suerit

585 3574 697 3665 Quod
714 3598 781 3647 nec
803 3577 1025 3668 ignoraverat
1040 3573 1220 3665 Phiiippus,
1246 3598 1313 3648 nee
1338 3575 1479 3650 forsitan
1505 3578 1543 3647 id
1562 3600 1609 3651 ex
1630 3581 1778 3651 minimis

584 3674 722 3750 unionis
746 3669 894 3744 Galsicae
911 3670 1140 3742 consedtionis
1164 3668 1273 3744 causis
1297 3670 1438 3746 exstitit.
1488 3669 1579 3746 Erat
1602 3696 1657 3745 res
1683 3700 1775 3749 curn·

582 3771 705 3868 primis
734 3770 963 3849 ardua‚cum
988 3766 1113 3839 habeat
1139 3767 1265 3863 Anglia
1286 3792 1380 3844 mare
1405 3767 1715 3864 satis‘angustum,
1740 3774 1778 3847 dt

405 3918 437 3951 .,
585 3868 750 3962 navigatu
767 3862 1016 3958 periculosum,
1042 3859 1082 3935 &
1104 3860 1145 3934 sit
1169 3883 1259 3939 terra
1286 3864 1428 3939 accessu
1438 3864 1609 3950 difficilis,
1633 3869 1778 3939 debilio-

586 3963 681 4036 ribus
694 3964 735 4034 in
750 3960 905 4057 partibus
922 3961 1011 4033 bene
1029 3960 1161 4031 munita
1176 3960 1427 4043 defensoribus,
1439 3964 1538 4035 dives
1548 3964 1683 4036 navium
1700 3963 1777 4033 bei·

452 4096 456 4106 ·
584 4058 751 4142 dearum,
776 4070 974 4146 nautarum,
1000 4059 1251 4153 hominumque
1280 4060 1331 4131 rei
1359 4062 1539 4132 maritima
1567 4058 1779 4153 peritiffimo·

587 4174 662 4225 rum
686 4153 865 4233 abundans
885 4174 991 4247 atque
1006 4155 1203 4249 opulenta,
1227 4154 1265 4229 bc
1289 4152 1339 4227 sui
1364 4158 1468 4229 maris
1493 4155 1638 4238 domina,
1687 4152 1780 4244 Qu

586 4246 630 4319 de
649 4246 749 4323 caussa
765 4252 928 4345 Philippus
948 4272 1022 4327 rein
1043 4250 1128 4323 tanti
1145 4253 1478 4347 momentiaggredi
1502 4256 1641 4340 volens,
1666 4275 1779 4327 niatu·

586 4362 651 4433 nai
670 4366 722 4421 ac·
734 4346 952 4443 gedetentim
982 4350 1027 4424 de
1045 4348 1097 4427 eb.
1110 4348 1341 4449 expeditioni
1355 4370 1484 4447 agens,
1509 4346 1689 4446 Parmmfii
1704 4348 1780 4462 seri3

573 4487 576 4497 ·
615 4506 620 4521 ,
1382 4495 1389 4509 ·
1699 4462 1796 4519 tena-
