3984 5167
304 505 312 514 ’
376 540 681 637 traua
739 532 1236 644 ‘octavus
1342 546 1425 665 5³87

223 738 373 807 urum,
397 716 641 815 praesentium,
666 712 923 793 &futurorum
939 715 1109 791 diciorum
1132 716 1270 793 suorum
1295 715 1421 795 Domi·
1464 742 1568 833 1598,

223 857 252 895 a,
273 838 417 904 norum,
441 818 538 912 quod
563 814 699 889 abillis
724 813 893 889 inviolate
911 814 1206 898 observabuntur,
1232 819 1269 888 δι
1296 840 1421 894 execu-

229 955 250 1012 ρ,
272 915 358 990 tioui
372 913 649 999 mundabuntur,
672 910 810 1007 seseque
827 931 1028 1000 curaturos,
1053 934 1094 986 ut
1120 913 1163 984 ab
1181 912 1234 985 lis
1260 934 1335 987 rata
1359 915 1419 989 ha-

222 1050 250 1088 n
271 1011 432 1098 beantur,
457 1029 561 1103 atque
586 1010 774 1084 hincinde
799 1009 926 1081 littera
951 1010 1161 1083 authentica
1193 1007 1418 1104 subscripta,

228 1106 450 1205 »sigilloque
482 1104 624 1201 signatae
659 1104 916 1191 exhibeantur,
949 1106 986 1177 in
1020 1108 1148 1201 quibus
1182 1105 1325 1199 presens
1360 1106 1448 1179 hic·

219 1243 249 1281 n
271 1202 436 1278 trablatus
451 1201 617 1275 inseretur
633 1204 677 1275 ad
687 1204 816 1273 *harum
839 1203 1059 1295 exemplum,
1075 1204 1188 1297 ‘idque
1205 1201 1295 1274 infra
1322 1223 1417 1275 men·

219 1340 247 1377 -η
270 1300 338 1371 sem
355 1300 376 1371 'a
395 1299 452 1369 die
468 1298 688 1394 praesentium
710 1294 827 1392 quoad
847 1294 958 1369 diebos
971 1296 1147 1373 Dominus
1162 1296 1295 1393 Regem
1314 1300 1417 1371 Chri·

226 1434 248 1471 n
270 1392 517 1481 minumum,
536 1393 757 1467 Cardinaleur
774 1394 1032 1482 archiducem,
1059 1395 1271 1491 Ducemque
1290 1396 1418 1468 Saban-

118 1534 126 1545 ·
217 1532 247 1569 n
270 1494 364 1578 diae,
388 1492 640 1586 promittetque
658 1486 769 1563 diblus
794 1487 969 1567 Dominus
996 1493 1201 1579 Arclridux,
1225 1489 1294 1563 sese
1317 1516 1416 1565 cura·

217 1630 247 1667 »η
270 1608 386 1662 turum
402 1590 494 1661 iutra
512 1606 579 1660 tres
603 1585 735 1661 menses
754 1586 930 1671 exhiberi,
953 1570 1080 1663 iimiles
1101 1588 1232 1661 litteras
1252 1590 1416 1661 ratihabi-

110 1702 112 1707 ’
217 1724 247 1763 n
271 1686 376 1758 tionis
405 1680 489 1757 disii
520 1682 667 1757 Domini
695 1680 802 1779 Regis
828 1683 1016 1759 Catholici.
1068 1682 1239 1761 Praeterea
1263 1684 1415 1781 spopon-

215 1822 246 1871 ,η
270 1782 417 1865 derunt,
460 1779 734 1876 romiseruntque
752 1780 836 1852 dicti
852 1778 1026 1875 Deputati
1040 1780 1135 1856 disto
1147 1783 1288 1855 nomine
1304 1780 1416 1854 simul·

223 1920 244 1954 η
268 1896 372 1973 atque
390 1803 492 1951 digae
502 1880 635 1951 litterae
653 1875 890 1949 ratificationis
906 1878 1077 1951 dictorum
1092 1878 1328 1953 Dominorum
1344 1875 1416 1951 Re·

216 2015 244 2053 -υ
267 1977 321 2070 gis
346 1972 639 2057 christianissimi,
667 1972 883 2059 Cardinalis,
906 1974 1087 2070 Dacisque
1112 1975 1316 2058 Sabaudiae,
1340 1974 1416 2047 sue-

221 2110 244 2149 „
267 2073 338 2145 rint
355 2070 539 2157 exhibitu,
565 2068 677 2143 dirtos
705 2068 883 2143 Dominus
913 2068 1049 2165 Regem
1074 2071 1414 2155 Christianiffimum,

219 2206 243 2247 n
267 2164 509 2253 Cardinalem,
535 2162 574 2241 ἃ
589 2166 730 2239 Ducem
747 2166 933 2241 Sabaudiae
951 2168 1150 2241 solemniter
1165 2167 1338 2263 juraturos
1350 2186 1414 2262 per

220 2304 244 2341 n
267 2260 442 2349 Crucem,
467 2257 683 2357 Evangelia,
709 2264 890 2337 Canonem
902 2264 1047 2349 Missa,
1071 2288 1204 2358 perque
1221 2263 1324 2335 suum
1347 2270 1414 2337 lm·

210 2398 241 2437 n
265 2379 404 2441 uorem,
429 2380 548 2431 coram
567 2361 718 2475 tegibus,
742 2362 861 2453 quales
885 2358 929 2431 ab
948 2361 990 2481 iis
1012 2361 1117 2431 adid
1143 2362 1320 2443 muneris,
1337 2362 1414 2433 dili-

211 2494 243 2629 ’,Ἰ
266 2450 486 2646 lillis&
502 2452 859 2645 listrilsinl‘,
878 2452 1416 2630 illiscllillll‘ltnl

210 2690 241 2727 s,
265 2649 369 2724 etiam
388 2646 624 2743 jusjurandum
647 2642 903 2743 praestabitura
930 2646 1025 2721 disin
1051 2647 1208 2723 Domino
1229 2644 1327 2741 Rege
1348 2648 1414 2720 Ca·

217 2785 240 2824 n
265 2746 399 2819 tholico
414 2743 526 2817 tribus
542 2742 731 2823 mensibus,
756 2746 814 2815 vel
838 2746 978 2838 quando
998 2743 1034 2815 id
1054 2746 1096 2817 ab
1114 2746 1346 2838 eoexigetur.
1375 2742 1414 2815 ln

208 2880 238 2919 s,
265 2864 410 2937 quarum
420 2862 531 2915 rerum
542 2838 647 2912 fidem
659 2836 743 2915 dicti
753 2838 927 2935 Deputati
938 2842 1021 2913 huic
1034 2838 1261 2913 tractatuisua
1271 2840 1416 2936 quisque

208 2978 238 3015 -η
264 2960 367 3012 manu
383 2933 653 3031 subscripserunt
668 2939 704 3011 in
723 2939 859 3030 oppido
878 2934 1185 3010 Vervinisecundt
1205 2938 1412 3030 Maji1593.
1436 2994 1462 3033 a
1478 2995 1503 3053 L
1550 3010 1567 3031 ,Ι

261 3032 395 3109 XLVI.
427 3032 621 3127 Elegerat,
657 3030 860 3127 miseratque
898 3036 942 3105 ad
973 3032 1088 3128 Belgii
1119 3035 1409 3130 gubernationem
1443 3007 1579 3143 ,jusgffi

212 3130 382 3224 Phiiippus
419 3131 603 3217 Albanum,
638 3151 678 3205 ut
709 3128 788 3223 post
814 3126 1022 3216 cessionem,
1061 3155 1102 3203 ac
1143 3130 1408 3225 resignationem
1442 3169 1509 3224 que.

209 3224 340 3303 fastam
369 3224 506 3299 illarum
544 3224 681 3299 suarum
712 3226 974 3299 provinciarum
1003 3229 1039 3299 iu
1067 3226 1164 3301 usurn
1198 3246 1408 3321 perpetuum
1439 3275 1538 3340 ,sm

209 3324 353 3415 Isabrllae
375 3324 476 3397 Clara
498 3322 650 3419 Eugeniae
673 3322 755 3397 filia
773 3322 862 3406 suae,
886 3348 930 3395 ex
955 3321 1090 3410 Isubrlld
1118 3323 1250 3394 Henricr'
1272 3319 1407 3415 secundi
1439 3352 1575 3428 „mugk

212 3418 346 3496 Galliae
364 3417 474 3515 Regis
492 3420 583 3507 filia,
608 3421 872 3516 primogenite,
899 3422 1091 3513 eademque
1110 3419 1130 3457 ⁸
1161 3418 1257 3501 filiis,
1282 3416 1405 3489 eadem
1436 3445 1540 3503 purpu-

205 3520 341 3593 Albrrtr
362 3518 523 3591 nuberet.
574 3516 670 3604 Quae
695 3516 827 3589 secreta
855 3517 1026 3599 intentio,
1059 3537 1100 3589 ac
1124 3519 1309 3598 voluntas,
1333 3537 1406 3586 non
1435 3524 1492 3602 fem
1513 3508 1584 3607 §ar-

206 3635 313 3689 antea
339 3610 528 3685 illucessere
556 3614 776 3709 incoeperat,
810 3634 914 3707 quarn
937 3612 1043 3685 Anno
1073 3632 1174 3706 ¹59?-
1203 3637 1267 3685 nec
1292 3612 1408 3683 adhuc
1436 3588 1583 3726 wh-

205 3728 286 3785 erat
305 3710 447 3783 omnino
474 3710 616 3805 publica
638 3728 798 3805 tempore
828 3705 1093 3783 construstionis
1110 3709 1266 3805 praesatae
1288 3708 1407 3802 pacis;
1435 3708 1527 3801 anun
1554 3688 1570 3728 ²

204 3828 284 3880 non
299 3808 446 3879 multum
461 3806 550 3880 verri
564 3806 698 3901 postea,
724 3805 837 3879 voluit
853 3806 1037 3899 Philippus,
1063 3826 1102 3879 ut
1120 3808 1271 3881 Albcrtns
1288 3825 1408 3897 togam
1437 3820 1569 3885 cardina-

203 3900 491 3978 Cardinalescam
515 3902 536 3995 †
562 3904 839 3997 derelinqueret,
865 3904 903 3977 δι
932 3903 1115 3975 assumeret
1135 3904 1291 3975 habitum
1313 3899 1407 3972 secu·
1433 3902 1515 3959 trum.

199 4002 328 4077 larem.
349 3997 489 4070 Deinde
504 3998 603 4071 missis
615 4002 646 4071 ei
661 3996 906 4083 sufficientibus
918 4002 1223 4092 procurationibus
1234 3996 1406 4093 refignan·
1435 3978 1508 4075 Eun
1516 3981 1560 4078 ὼ,

204 4099 247 4169 di
269 4098 306 4170 in
326 4095 493 4191 ilabeliam
516 4092 624 4167 distas
642 4096 868 4179 Provincias,
893 4099 1099 4169 convocatis
1117 4092 1280 4188 supereo
1299 4094 1404 4165 Ordi·
1431 4058 1579 4209 ww
1599 4094 1606 4108 '

201 4191 313 4265 nibus
339 4192 521 4274 omnibus,
545 4190 654 4287 iisque
677 4191 928 4286 praesentibus,
954 4194 1109 4286 exceptis
1136 4196 1208 4277 eis,
1233 4193 1293 4285 qui
1325 4215 1405 4286 pro·
1435 4177 1571 4290 linsmfi,

199 4306 290 4385 pter
306 4290 530 4363 rebellionem
549 4292 752 4383 comparere
771 4310 841 4360 non
858 4290 1216 4372 voluerunt,tandem
1235 4288 1326 4360 facia
1341 4287 1408 4359 suit
1432 4296 1460 4346 ir
1483 4292 1561 4381 iran-

201 4386 305 4461 dista
323 4380 524 4479 Refignatio
540 4380 714 4460 Bruxellae
731 4382 914 4477 in⁰nragni
933 4386 1043 4473 Aulai,
1068 4408 1147 4481 quae
1163 4387 1212 4459 est
1227 4388 1275 4457 ibi
1291 4389 1325 4456 in
1346 4382 1407 4452 Pa·
1434 4367 1578 4484 W&

196 4482 298 4558 latio
323 4476 378 4553 Re
405 4486 461 4571 io,
486 4482 542 4556 die
746 4480 784 4553 δι
816 4480 938 4553 menfis
1135 4485 1247 4577 qualis
1275 4485 1334 4552 hic
1360 4477 1406 4548 se·
1425 4447 1578 4598 s‘fssdffl‘·

192 4580 331 4677 quitur
339 4629 350 4665 ,
374 4504 515 4653 sedere
534 4580 663 4657 Arrun
686 4580 722 4655 iu
740 4580 821 4748 10qu
845 4578 981 4652 sublimi
998 4578 1059 4655 sub
1076 4579 1111 4655 T
1113 4580 1343 4660 abernaculo,
1369 4574 1406 4645 &
1432 4604 1544 4680 pm„

810 4698 903 4749 ece
933 4697 953 4749 a
1316 4692 1409 4766 ⁴prae·
