3984 5167
208 658 215 682 1
398 524 1244 647 utuanumt‘rus.
1359 558 1444 652 329
1574 596 1580 609 .

232 750 316 810 aeut
330 728 479 829 Reginae
496 724 761 823 exploraturus,
785 749 867 805 cum
891 726 985 802 illam
1001 724 1135 825 magis,
1160 748 1263 825 quam
1290 730 1439 827 optabat
1486 732 1590 825 1573.

235 826 386 916 siccam,
410 851 452 903 ac
473 842 631 900 tenacem
646 822 857 911 invenisset,
881 823 1018 922 &ipse
1044 820 1192 899 adsunt
1216 823 1250 898 se
1275 833 1434 905 cnntniit.

188 926 196 939 “
238 920 385 1021 doffniar
406 946 512 1006 vero,
530 923 714 997 collocato
727 923 937 999 exercituin
958 921 1002 996 ei
1019 918 1218 996 Brabantiae
1234 942 1435 1023 partequae

238 1018 423 1118 campinia
434 1022 547 1116 vulgo
567 1021 719 1105 dicitnr,
741 1021 806 1096 nbi
830 1014 1100 1107 sustentaretur,
1137 1016 1251 1095 donec
1279 1016 1435 1099 Ordiuen

237 1114 335 1191 aliter
360 1116 863 1212 decernerent,·Antverpiam
892 1112 1050 1191 reversus
1078 1112 1174 1189 hand
1197 1114 1258 1189 din
1273 1113 1354 1214 post
1369 1138 1436 1192 ve·

233 1234 330 1289 neno
345 1214 384 1287 in
402 1213 502 1289 coeni
524 1212 677 1309 quadam
700 1213 851 1298 ostreis,
873 1208 964 1307 jussu
986 1210 1153 1302 Auraici,
1177 1210 1289 1286 indito
1305 1214 1433 1309 periit.

233 1307 344 1385 Brevi
366 1311 484 1405 itaque
507 1310 545 1380 in
567 1305 702 1381 sumum
723 1307 862 1395 versn',
893 1327 964 1380 tam
987 1304 1132 1403 copioso
1149 1327 1289 1407 ,atquc
1306 1310 1432 1422 ingen·

232 1407 260 1482 ti
285 1404 464 1480 Ordinum
488 1424 660 1498 apparatu
685 1458 696 1491 ,
728 1428 800 1478 non
823 1404 978 1499 ignobile
1002 1404 1213 1499 proponitur
1236 1404 1433 1501 posteritati

232 1524 332 1580 exem
360 1505 464 1584 lum,
493 1522 574 1597 -quu
606 1502 732 1573 merito
759 1499 895 1593 semper
917 1500 1101 1587 credetur,
1160 1520 1257 1573 arum
1280 1506 1433 1595 plerum·
1509 1570 1525 1581 .

229 1622 302 1695 que
338 1600 455 1673 oelicea
474 1592 643 1671 success'ut
668 1618 709 1669 ea
731 1599 956 1695 promittere,
978 1616 1068 1691 ·quae
1096 1617 1117 1667 a
1142 1616 1186 1667 co
1216 1596 1305 1671 ultra
1338 1599 1432 1675 vitet

229 1696 431 1771 inordinate
468 1690 709 1787 suscipiuntur.
758 1690 846 1765 Nou
891 1692 1099 1788 ignorabant
1131 1686 1291 1767 Ordinet
1337 1692 1431 1769 haud

225 1802 410 1889 quaquam
426 1791 464 1864 in
480 1788 540 1863 sua
556 1784 729 1884 potestate
747 1786 849 1877 cisct,
872 1791 962 1863 alere
976 1808 1045 1861 tam
1062 1788 1243 1885 cupiosum
1259 1790 1428 1879 militem,

220 1910 409 1963 armorum
424 1904 540 1959 tamen
555 1887 757 1980 inexperti,
780 1881 1014 1980 persuaserant
1034 1882 1099 1959 sibi
1125 1907 1197 1959 tam
1220 1886 1308 1959 vasti
1332 1908 1429 1962 exer·

134 1998 143 2017 ·
222 1988 318 2061 citus
343 1984 457 2072 mole,
482 2006 524 2055 ac
542 1983 723 2077 pondere,
749 1980 954 2078 Artstriatnm
969 1980 1073 2057 facile
1089 1980 1275 2069 obrutum,
1301 2004 1343 2057 ac
1359 1980 1428 2057 sus·

104 2120 107 2128 «
224 2085 389 2158 focatum
406 2080 470 2162 iri,
493 2079 589 2151 unde
609 2078 754 2161 accidit,
779 2097 820 2151 ut
841 2080 940 2172 quod
970 2079 1007 2151 in
1033 2080 1177 2154 alterum
1204 2098 1428 2177 preparave-

216 2196 331 2269 rant,
355 2172 571 2272 fibimetipsts
588 2175 811 2271 dirigendum
840 2174 860 2215 ‘
894 2173 1014 2249 suerit.

275 2272 346 2351 111.
372 2272 568 2370 Antequam
594 2267 693 2344 Galli
715 2270 901 2345 Binchium
923 2268 1154 2367 reliquissent,
1179 2270 1353 2369 magius,
1376 2276 1429 2350 uti

215 2390 300 2449 crat
311 2372 353 2444 vi
379 2370 387 2386 '
447 2369 634 2463 s,acrique
652 2368 794 2465 ingenio
808 2367 877 2454 vir,
885 2366 1024 2443 secreto
1037 2366 1244 2465 persuadere
1253 2388 1428 2462 tentarat,

220 2469 277 2547 ibi
297 2470 362 2565 qni
386 2462 505 2539 usdam
521 2460 766 2563 praesidiariis,
787 2482 831 2537 »ut
848 2463 1011 2539 mercede
1026 2466 1121 2539 haud
1131 2464 1241 2561 parva
1256 2468 1405 2564 accepti
1413 2518 1429 2553 .,
1469 2542 1477 2555 ,

222 2564 274 2642 nd
286 2561 566 2657 recuperandam
577 2560 755 2634 civitatem
765 2556 860 2655 Regi
879 2558 985 2636 esseut
993 2560 1145 2644 auxilior
1162 2560 1213 2634 ilii
1223 2560 1293 2637 sese
1307 2564 1428 2638 condi·

216 2662 362 2737 tionem
386 2659 569 2752 accipere,
592 2652 697 2729 caute
717 2658 909 2730 admodum
935 2652 1099 2745 finxere,
1123 2676 1167 2730 en
1193 2655 1360 2748 consilio,
1385 2676 1428 2735 ut

220 2778 312 2835 cum
331 2776 471 2849 tempus
491 2753 708 2827 exoennonin
723 2750 935 2842 advenisset,
961 2770 1047 2827 tnnc
1071 2752 1203 2851 sangro
1230 2753 1427 2851 penderent

210 2872 359 2929 temere
379 2853 481 2946 apud
501 2851 599 2927 virm
621 2848 737 2924 bunos
765 2848 944 2947 fortesque
968 2846 1149 2947 quaefitam.
1171 2849 1425 2927 infidelitatem.

215 2947 371 3048 Resque
389 2948 530 3021 taudem
548 2968 592 3023 eo
606 2944 778 3038 dedndiae,
799 2970 841 3023 ut
856 2946 995 3023 obstdes
1009 2946 1182 3034 dederint,
1192 2971 1282 3044 quoa
1297 2950 1427 3027 militet

212 3045 296 3123 -ess'e
315 3048 534 3219 ριωαὲξὲοι,
549 3048 738 3155 magnique
755 3046 853 3141 apud
868 3043 904 3121 se
918 3044 1087 3120 momenti
1104 3043 1330 3135 affirmabant,
1344 3070 1424 3124 cum
1574 3128 1580 3137 ,

213 3162 364 3223 tantum
384 3168 404 3217 e
476 3143 613 3231 tlixae,
644 3144 789 3215 militum
817 3167 861 3217 ue
881 3140 1014 3217 samnii.
1049 3139 1234 3217 Vocantur
1252 3144 1307 3215 hae
1320 3144 1427 3219 astin-

210 3262 290 3317 nes
309 3242 400 3315 inter
415 3240 660 3337 belligerantes
678 3238 931 3336 strategemata,
942 3242 1071 3335 quibus
1082 3236 1223 3311 saliendi
1238 3240 1273 3331 †,
1291 3234 1426 3313 hostem

212 3338 366 3411 uincere
381 3336 531 3413 student
555 3336 628 3411 Sed
649 3358 720 3409 nnn
746 3326 880 3433 semper
908 3349 1029 3409 eorum
1049 3332 1127 3406 suut
1151 3333 1280 3409 faelices
1296 3334 1423 3408 exitus.

218 3428 420 3507 Obfidibus
440 3430 531 3529 jussu
549 3434 674 3527 sdergit‘
689 3432 933 3530 Philippevilat
947 3430 1145 3517 asservatis,
1169 3428 1424 3526 constitutaque

211 3527 404 3699 iiiiii
419 3528 701 3699 missii&
718 3526 1422 3699 ⁶”titt‚¹‘ds⁶:{s¹‘¹s{d‘.fs⁶std

211 3722 340 3800 ciente
355 3647 516 3815 effusum
540 3722 585 3795 ed
609 3648 791 3819 psofe'ttffi
808 3723 867 3797 est.
890 3719 976 3795 Erat
995 3648 1087 3795 igter
1104 3678 1164 3793 eds
1181 3742 1420 3803 conventum,
1534 3714 1536 3719 ’

212 3816 282 3894 uti
312 3815 444 3911 Hicrgin
460 3836 570 3914 porta
590 3820 800 3907 traderetur,
826 3840 895 3915 qua
920 3820 1084 3901 intraret,
1108 3840 1214 3913 atque
1236 3837 1421 3911 antequam

212 3910 466 4000 illuscesscret,
491 3910 630 3989 adesset.
664 3913 849 3989 Binchiani
870 3916 1003 3990 interea
1024 3913 1129 3989 notin
1145 3936 1306 4007 magnum
1322 3914 1419 4009 pedi·

212 4011 559 4106 tum,cquitumqne
573 4032 770 4099 numerum,
781 4011 866 4084 foris
881 4010 1082 4087 accersttum
1100 4006 1159 4083 sibi
1173 4010 1421 4105 conjunxerant

210 4104 347 4206 resque
365 4105 442 4181 suas
451 4108 507 4181 ita
521 4104 777 4205 disposuerant,
800 4130 840 4184 nt
858 4132 930 4181 nou
945 4108 1166 4198 dubitarent,
1192 4108 1275 4202 quin
1293 4108 1423 4183 adven·

1350 4220 1422 4279 tau·

256 4314 412 4385 dsForte:
432 4316 470 4384 di
494 4314 674 4388 erendum.
703 4315 782 4385 Non
803 4326 883 4385 anim
898 4315 1054 4402 nffiqreor,
1073 4316 1149 4403 quid
1160 4318 1248 4385 vestr.

268 4396 291 4483 ’s
311 4398 440 4469 Melius:
522 4401 625 4473 endo.
667 4399 725 4471 Sed
740 4403 869 4471 nmtdttm
883 4410 941 4468 erit
953 4400 1111 4489 perspicua
1134 4401 1249 4471 sacrario.

277 4497 369 4576 Tm.
391 4498 453 4576 ss.
478 4502 561 4579 Part
587 4524 621 4577 a.
905 4501 965 4577 'st
