3984 5167
359 514 653 617 LIBER
717 514 1191 637 QUINTUS.
1327 525 1415 645 '375

217 758 243 799 n
267 714 435 792 tumultur
460 697 657 789 adhucdum
675 712 893 800 detinentur,
917 714 1031 789 statim
1053 710 1183 814 absque
1206 714 1412 816 ullo⁶prerio
1464 738 1568 820 1579.

216 852 242 891 a,
267 813 533 896 relaxabuntur,
557 806 618 887 uisr
636 828 736 883 autea
758 812 802 887 de
830 833 873 886 eo
893 810 986 887 aliud
1009 812 1100 885 iuter
1127 832 1190 887 eor
1208 811 1311 891 fuerit
1327 838 1410 893 cou-

216 946 241 985 n
267 928 407 987 vennam
440 906 762 979 &concordarunt

264 1044 289 1079 η
315 999 459 1075 CXLV.
489 1001 590 1075 coner
610 1002 759 1073 Bararus
777 1000 845 1075 suae
859 1002 1013 1091 libertati
1035 1000 1072 1074 dt
1096 998 1224 1077 Patriae
1237 1001 1328 1076 infra
1341 1022 1411 1083 tres

213 1138 238 1179 n
263 1096 415 1184 menses,
440 1093 625 1192 postquam
647 1096 816 1194 Princeps
850 1102 1032 1183 Auror'cur,
1065 1122 1104 1173 ea
1128 1121 1208 1197 quae
1231 1124 1311 1177 curn
1333 1102 1410 1199 ipso

211 1234 236 1271 n
262 1194 522 1277 tradiabuntut,
557 1194 773 1285 impleverit,
797 1194 1005 1269 restituetur.

261 1332 286 1366 n
312 1287 478 1365 CXLVI.
516 1285 693 1376 Decreta,
725 1286 966 1381 dispositiones
990 1343 1002 1378 ‚
1042 1293 1313 1376 ordinationes,
1344 1314 1408 1387 per

211 1426 235 1463 n
261 1384 456 1461 Dominum
476 1380 711 1455 Archiduceut
739 1386 917 1459 Matidium
942 1383 1087 1480 suosque
1109 1390 1342 1476 collaterales,
1368 1386 1407 1461 dt

214 1522 240 1558 n
266 1478 423 1555 Ordines
441 1477 628 1563 Statuum,
654 1476 674 1549 a
705 1496 864 1573 tempore
895 1480 1093 1553 ultimarum
1117 1484 1320 1571 turbarum,
1345 1506 1409 1555 no⁴

213 1615 239 1653 n
265 1579 359 1649 mine
375 1572 482 1669 Regis
502 1592 691 1658 emanatae,
715 1595 783 1667 pro
797 1576 957 1669 legitimis
977 1576 1014 1649 δι
1027 1578 1155 1649 validis
1170 1581 1406 1667 habebuntur,

211 1712 236 1749 n
263 1668 410 1766 suosque
443 1669 580 1743 debitos
620 1667 806 1742 sortientur
838 1666 991 1744 effeetus.
1042 1670 1174 1761 Quoad
1214 1674 1407 1762 beneficia,

211 1807 237 1845 n
264 1770 474 1861 dignitates,
506 1762 640 1847 officia,
665 1782 724 1838 aut
757 1767 840 1839 alias
876 1766 1054 1861 quospiam
1086 1793 1161 1856 rer,
1187 1792 1266 1867 quae
1298 1770 1408 1843 solent

176 1895 180 1907 ’
209 1904 235 1941 η
261 1862 331 1937 esse
346 1861 525 1958 potestatis
543 1880 602 1933 aut
625 1858 854 1955 dispositionis
882 1865 1083 1946 ordinariae,
1107 1865 1246 1938 illorum
1267 1867 1328 1961 qui
1356 1887 1407 1939 te·

208 1999 235 2038 n
261 1982 349 2035 nent
368 1960 486 2029 locutu
497 1954 754 2030 Gubernatoria
771 1956 935 2031 distarurn
956 1955 1237 2051 Provinciarum,
1261 1985 1333 2035 non
1348 1984 1407 2035 au·

208 2096 234 2133 n
259 2077 333 2129 tem
348 2055 385 2125 in
410 2053 452 2127 iis
471 2073 556 2219 1ςιιεε
571 2056 724 2147 propriae
747 2052 904 2147 personae
922 2050 1029 2147 Regis
1042 2052 1277 2143 reservantur,
1302 2054 1406 2131 autu

207 2192 232 2231 n
259 2174 342 2249 quae
358 2149 445 2225 fasta
484 2170 535 2221 rut
550 2168 669 2223 contra
684 2148 779 2241 Jura,
798 2146 1001 2243 Privilegia,
1028 2151 1066 2224 δι
1085 2149 1323 2227 immunitates
1340 2152 1405 2224 P'a·

197 2289 232 2342 y,
258 2252 341 2324 triae
365 2266 436 2319 tam
461 2244 674 2339 ingenerati
699 2266 800 2339 quam
822 2246 857 2316 in
884 2246 1107 2339 particulari,
1130 2250 1189 2321 vel
1216 2250 1346 2344 alioqui
1368 2252 1406 2323 iu

205 2384 231 2423 n
258 2346 364 2421 ullius
383 2340 558 2435 injuriam,
582 2342 641 2411 vel
660 2340 904 2411 detrimentum
923 2341 1160 2415 redundarint.

258 2485 284 2521 η
311 2430 496 2515 CXLVII.
521 2430 647 2507 Parurn
671 2432 690 2473 ¹*
714 2434 815 2507 etiam
838 2436 1069 2530 quarumlibet
1093 2438 1230 2509 urbium
1257 2439 1294 2510 δι
1320 2440 1407 2514 alio·
1446 2451 1518 2525 lego:
1536 2449 1588 2509 Pa·

206 2578 232 2615 υ
259 2558 337 2611 rum
363 2537 520 2611 locorum
545 2527 758 2624 magistratus
784 2525 841 2601 seu
865 2526 1050 2617 officiales,
1074 2527 1141 2602 suis
1166 2530 1404 2609 sundlionibua
1444 2534 1524 2585 ‘¹1⁶‘-

208 2674 234 2712 η
262 2628 419 2706 destituti
437 2626 502 2697 alia
525 2625 584 2696 via
609 2645 650 2696 ac
672 2626 834 2711 ratione,
867 2647 969 2717 quarn
990 2626 1077 2716 iuria
1100 2626 1223 2701 ordine
1247 2629 1403 2723 legitime

209 2768 236 2804 n
263 2726 420 2810 servato,
443 2739 502 2792 aut
517 2721 600 2793 alias
619 2738 742 2792 contra
764 2714 949 2812 Privilegia
973 2717 1141 2795 ditinum
1165 2722 1322 2811 urbium,
1346 2746 1407 2799 aut

209 2864 236 2902 η
264 2839 394 2919 praeter
416 2818 608 2890 ordinarios
638 2812 884 2909 consuetosque
905 2816 1056 2899 modos,
1085 2839 1163 2889 curn
1194 2820 1289 2894 rimis
1311 2822 1406 2894 resti-

211 2959 238 2996 η
264 2937 410 2994 tuentur
427 2913 464 2987 δι
482 2910 830 3004 redintegrabuntur,
845 2912 882 2982 in
909 2909 1093 3006 dignitates
1118 2934 1141 2987 0
1180 2916 1301 3010 ciaque
1325 2916 1402 3000 sua,
1447 2947 1450 2951 ·

211 3056 240 3093 η
266 3033 414 3091 necnon
426 3002 1415 3175 adeorumcreationemsuturistemporibusprucederur,

208 3154 234 3191 η
292 3100 1025 3190 routolim,&ficutexJuribus,Moribus,

208 3248 236 3289 n
262 3134 391 3279 i'atriae
405 3200 532 3289 ,urbia
558 3199 596 3274 δι
613 3199 686 3274 loci
701 3198 824 3280 decet,
845 3223 888 3269 ne
906 3198 964 3270 cui
980 3198 1070 3273 satta
1086 3204 1251 3273 toleretur
1267 3204 1401 3297 injuria.

255 3343 280 3379 n
307 3294 508 3375 CXLVlll.
527 3291 1107 3387 Authoritas&obedlentiaRegia
1121 3292 1402 3371 isubditiscuru·

211 3438 237 3478 „
294 3398 387 3469 rimis
404 3390 603 3467 restituetur
623 3391 659 3464 &
678 3387 891 3477 servabitur,
916 3391 1027 3481 qualis
1047 3391 1172 3460 merito
1192 3394 1292 3484 juxta
1312 3412 1400 3482 prae·

208 3536 235 3571 ,,
263 3418 330 3563 Feri
356 3512 428 3563 tunt
442 3486 552 3561 divini
569 3486 605 3559 δι
622 3485 763 3557 humani
775 3485 883 3580 juris,
907 3507 971 3555 nec
989 3506 1059 3556 non
1075 3479 1271 3579 Privilegia,
1284 3484 1400 3579 Usus,

204 3631 232 3669 „
262 3584 302 3661 δι
375 3580 591 3657 nsuetudines
623 3576 775 3661 Patriae,
798 3576 836 3650 dt
861 3602 926 3672 per
950 3576 1232 3654 Pacificationem
1260 3582 1403 3657 Ganda-

205 3728 232 3765 ,‚
260 3678 426 3763 venseru,
444 3677 690 3769 Unionemque
709 3672 940 3759 subsecutam,
964 3670 1127 3747 Edtttom
1145 3698 1352 3770 perpetuum
1364 3678 1402 3751 δι

206 3826 234 3861 ,,
262 3772 469 3875 praesentem
488 3774 667 3846 rraliatum
683 3767 749 3841 esse
764 3769 887 3855 debet,
903 3768 1078 3865 qualisque
1094 3772 1177 3842 olim
1187 3770 1400 3859 servataest,
1430 3785 1433 3789 ’

107 3868 109 3879 ’
204 3921 233 3959 „
262 3894 303 3947 ut
320 3870 415 3947 resid
436 3870 595 3943 nimirum
620 3860 872 3939 administretur
890 3864 1022 3961 justitia
1042 3913 1053 3947 ,
1077 3861 1207 3940 subditi
1235 3888 1400 3959 regantur

203 4016 231 4055 „
260 3974 298 4045 in
319 3970 413 4042 omni
430 3967 585 4050 ratione,
610 3963 792 4055 equitare,
817 3963 953 4055 quiete,
976 3960 1016 4035 dt
1044 3959 1265 4049 obedientia,
1291 3962 1400 4058 idque

203 4113 231 4149 n
260 4065 308 4143 ad
326 4088 400 4140 eam
415 4063 562 4135 sormam
581 4109 593 4145 ,
618 4058 829 4153 modumque
844 4078 914 4150 quo
935 4054 1066 4129 saelum
1082 4054 1133 4129 est
1155 4056 1198 4129 ab
1217 4059 1313 4129 omni
1328 4082 1399 4132 roe·

206 4208 233 4242 „
260 4161 393 4240 moria,
417 4178 488 4231 tam
507 4150 661 4229 defundit
674 4151 895 4248 Imperatoris
904 4152 1011 4227 Caroli
1024 4151 1146 4244 quinti,
1162 4151 1299 4249 ejusque
1310 4177 1400 4247 prae-

206 4298 233 4337 „
262 4252 491 4339 decessorum,
508 4276 609 4348 quarn
626 4250 727 4323 etiarn
750 4246 857 4345 Regis
875 4269 1034 4342 ternpore
1052 4296 1063 4329 ,
1091 4246 1257 4343 usquead
1277 4250 1401 4325 harum

202 4396 232 4437 „
261 4348 439 4427 turbarunt
461 4350 593 4435 initia,
632 4344 702 4425 fine
727 4346 823 4443 cujus
846 4342 1093 4421 instauratione
1117 4368 1159 4423 ac
1184 4344 1402 4423 subditorum

233 4444 348 4525 Ἔπη.
371 4446 433 4518 Η.
457 4446 541 4521 Pars
566 4466 598 4523 2.
855 4438 947 4518 Bbb
1276 4442 1401 4534 poue·

1057 3106 1402 3215 rivilegiis,cujusque
