3984 5167
591 574 675 659 310
730 544 764 654 J.
792 547 841 636 B.
867 570 942 636 ou
976 542 1225 639 Tussis
1267 541 1658 639 COMMEMT.

445 748 552 835 1578.
594 784 617 819 η
633 741 826 832 unicuique
846 739 1020 835 placeret,
1046 762 1150 835 atque
1169 740 1389 814 abolerentur
1408 742 1526 815 omnia
1552 739 1687 833 edissa,
1712 766 1788 841 qum

590 882 617 935 ,⁹³
641 835 815 930 quondam
836 836 1030 931 imperator
1050 838 1348 929 carolusprimus,
1379 836 1482 931 sopcr
1509 836 1668 927 Haetcst‚
1693 840 1786 916 Reli·

591 978 617 1011 v
642 935 816 1027 gioueque
836 933 1024 1007 Catholica
1047 933 1225 1029 publicare
1243 930 1395 1027 jusserat.
1412 937 1433 968 '²
1673 942 1675 947 '

641 1029 702 1102 Ll.
728 1028 824 1101 Data
849 1033 933 1102 curri
956 1032 1061 1124 hujus
1088 1026 1313 1124 Jurisjurandi
1346 1034 1543 1125 exequendi
1575 1030 1680 1103 bonis
1706 1032 1786 1106 viris

589 1126 717 1212 laicis,
744 1128 873 1219 unique
892 1127 1033 1198 Abbati.
1058 1126 1218 1198 Nolucre
1234 1127 1375 1199 obedire
1390 1130 1472 1199 huic
1497 1128 1611 1202 edisio
1629 1127 1784 1223 jesuitae,

595 1246 700 1320 quam
721 1223 768 1295 ob
785 1220 921 1293 causam
938 1219 1057 1316 quiet&
1074 1223 1216 1295 civitate
1238 1224 1332 1295 exire
1341 1222 1427 1318 jussi.
1476 1222 1594 1319 Atque
1612 1227 1717 1299 etiam
1742 1227 1784 1299 ob

589 1321 743 1393 eandem
767 1320 1062 1412 denegationem,
1082 1317 1309 1391 Guardianus
1327 1368 1339 1403 ‚
1362 1342 1463 1415 quem
1483 1340 1614 1394 vocant
1634 1322 1784 1397 Francis·

595 1438 762 1491 canorum
780 1437 859 1488 curn
877 1415 1044 1489 tredecim
1062 1412 1129 1487 suis
1151 1415 1351 1488 Monachis.
1380 1414 1440 1489 Usi
1453 1418 1602 1512 denique
1617 1416 1695 1493 sunt
1702 1442 1783 1514 erga

590 1510 820 1595 monasteria,
844 1511 982 1606 aliaque
1005 1511 1107 1598 loca,
1126 1511 1189 1583 ubi
1209 1510 1394 1585 credebant
1411 1510 1577 1608 quosdam
1598 1510 1702 1597 fore,
1729 1516 1784 1609 qui

587 1611 707 1707 njurare
722 1611 877 1691 nollent,
904 1608 1063 1701 sequenti
1088 1607 1206 1679 modo.
1247 1606 1432 1703 Cogebant
1453 1610 1555 1683 nimis
1588 1610 1608 1649 ‘
1633 1608 1781 1684 insuam

593 1729 768 1803 quemque
786 1705 943 1776 cellulam
960 1701 993 1774 se
1010 1704 1418 1799 recipere,accersebant
1433 1704 1556 1778 deinde
1568 1704 1782 1780 Monachum

580 1824 698 1897 <ruem
719 1801 828 1895 magis
852 1801 1030 1887 timidum,
1051 1820 1111 1871 aut
1142 1801 1356 1897 ignorantem
1379 1798 1445 1875 effe
1471 1802 1655 1896 putabant,
1678 1804 1783 1895 eique

593 1893 963 1993 ostensojuramento,
987 1896 1023 1967 iu
1040 1897 1133 1969 illius
1154 1894 1265 1969 verbo
1289 1896 1446 1972 Priorem
1470 1898 1536 1969 'am
1557 1894 1678 1993 juraffe
1696 1897 1784 1971 affir-

594 1994 758 2082 mabant,
785 2012 891 2086 atque
915 1996 964 2066 ita
995 1992 1137 2065 viciiiim
1167 2016 1248 2065 cum
1273 1994 1414 2089 reliquis
1440 1922 1494 2067 agi

588 2091 736 2165 candem
754 2110 875 2162 omues
890 2114 932 2163 eo
949 2086 1171 2163 adducerent
1207 2086 1387 2183 Quodque
1398 2110 1474 2165 tum
1497 2090 1723 2184 Antverpiae,
1748 2094 1782 2162 in

595 2188 712 2261 multis
726 2186 805 2259 aliis
820 2188 921 2258 etiam
932 2184 1139 2258 civitatibus
1157 2180 1281 2275 aslum.
1313 2183 1395 2258 Nec
1416 2182 1582 2273 defuere,
1626 2187 1663 2259 ui
1690 2187 1782 2261 tanti

591 2284 755 2358 libertate
788 2281 943 2377 adepti,
976 2280 1089 2353 statim
1119 2304 1162 2353 eo
1190 2280 1387 2376 complures
1412 2282 1584 2355 ministros
1601 2210 1784 2358 betericus

588 2401 639 2454 -cx
651 2377 814 2467 Genevd,
823 2378 1000 2471 Anglii&
1013 2376 1204 2451 Germanii
1218 2378 1339 2451 venire
1350 2397 1533 2466 curarunt,
1547 2398 1591 2451 ut
1605 2380 1781 2475 dogmata,

590 2474 856 2570 doctrinamque
881 2472 1007 2562 suam,
1041 2476 1077 2547 iu
1108 2470 1342 2569 quascumque
1368 2471 1504 2571 ponent
1529 2494 1648 2570 partes
1667 2497 1783 2550 earum

589 2569 648 2646 Re
674 2575 795 2645 ionum
814 2566 994 2645 inferrent.

643 2598 726 2743 sall.
753 2665 877 2740 Mense
896 2688 983 2741 vero
996 2664 1348 2765 subsequentcdulii,
1371 2667 1617 2745 -baereticorum
1637 2665 1783 2743 Autver-

594 2765 761 2861 piensium
788 2766 953 2853 nomine,
978 2763 1114 2837 libellus
1140 2762 1287 2858 supplex
1313 2763 1466 2837 Mortbioe
1490 2815 1503 2853 ,
1532 2762 1782 2861 Tribunalique

591 2860 742 2934 Consilii
757 2860 875 2931 Status
890 2861 1029 2933 oblatus
1044 2858 1112 2946 cst,
1138 2880 1209 2954 quo
1231 2856 1294 2931 sbi
1307 2860 1477 2966 petebant
1497 2860 1570 2933 dari
1587 2862 1721 2955 templa
1744 2863 1782 2934 ad

594 2958 663 3032 suae
673 2957 865 3049 Religionis
880 2958 1056 3041 exercitia,
1066 2958 1161 3051 quod
1173 2976 1335 3049 -quamvts
1349 2955 1523 3030 videretur
1539 2956 1784 3052 oppidoquam

593 3050 817 3133 invitetur,
840 3050 965 3124 datum
981 3051 1096 3125 tamen
1117 3052 1284 3146 templum
1300 3053 1414 3140 arcis,
1438 3055 1537 3147 quod
1563 3052 1782 3127 Moabitarum

591 3171 724 3223 vocant
740 3152 777 3222 in
790 3146 994 3221 derisionem
1015 3144 1263 3243 Hispanorum.
1303 3144 1504 3237 Jesuitarum
1528 3149 1697 3243 templum
1719 3170 1784 3221 me·

588 3244 691 3320 diunt
707 3246 828 3343 partiti
844 3243 922 3316 sunt
931 3293 943 3328 ,
968 3266 1122 3317 necnon
1142 3238 1472 3327 franciscanorum
1491 3240 1690 3317 ooncess'um
1700 3264 1784 3339 prae·

593 3364 688 3417 terea
697 3344 866 3437 templum
876 3338 1201 3425 Dominicanorum,
1212 3340 1377 3435 quodque
1394 3338 1491 3413 Divo
1501 3342 1636 3413 Andrtae
1646 3337 1784 3413 samum

594 3440 707 3531 Quod
722 3435 812 3513 «cum
824 3438 944 3531 postea
962 3458 1102 3532 quoque
1120 3454 1278 3530 peterent
1293 3438 1490 3530 complures
1510 3437 1587 3507 aliae
1606 3436 1784 3523 civitates,

592 3538 737 3610 tandem
762 3534 806 3605 ad
832 3534 1056 3606 universalem
1089 3528 1285 3627 Religionis
1314 3526 1441 3603 Pacem
1484 3528 1619 3626 (quod
1645 3530 1785 3605 Interim

595 3629 766 3725 vocant)
800 3647 948 3703 ventum
971 3627 1051 3717 est,
1079 3651 1149 3726 qua
1172 3629 1217 3701 de
1241 3652 1279 3701 re
1309 3629 1534 3724 promulgati·
1549 3626 1627 3701 sunt
1652 3628 1784 3704 articuli

589 3725 846 3824 subsequentes.
873 3755 883 3771 ·
1278 3794 1283 3816 ,
1365 3764 1368 3770 ¹

424 3848 548 3906 Annuit
642 3871 665 3904 n
691 3822 789 3896 Llll.
815 3821 1078 3919 ignoscerentur
1092 3844 1132 3897 ac
1147 3822 1318 3898 oblivioni
1336 3824 1568 3907 traderentur,
1586 3817 1783 3917 tanquamii

421 3940 470 4001 m
490 3927 567 3982 tater-
592 3966 616 3999 η
643 3944 815 4016 nunquam
832 3919 969 3994 fuissent
984 3921 1131 4016 injuriae,
1144 3920 1338 4016 damnaque
1355 3922 1471 3992 omnia
1486 3918 1577 3993 facia
1595 3922 1675 4017 post
1691 3920 1785 4015 pacis

404 4016 547 4095 ·⁸⁰?“⁰.'¹'
593 4059 617 4094 υ
644 4014 884 4091 Gandavensts
909 4019 1212 4113 publicationem,
1244 4016 1292 4088 ita
1312 4034 1468 4090 utnemo
1491 4018 1532 4089 cd
1547 4016 1591 4089 de
1614 4012 1784 4089 causdvel

418 4080 569 4217 [25:¹22
595 4155 618 4188 η
643 4113 813 4195 accusari,
836 4116 898 4185 vel
911 4114 1076 4208 juridice,
1089 4136 1149 4185 aot
1161 4113 1288 4207 quovit
1305 4112 1374 4185 alio
1385 4114 1494 4185 modo
1510 4116 1631 4185 vetari
1647 4108 1782 4207 posset,

416 4224 533 4295 bertraus
591 4248 618 4285 υ
643 4208 802 4302 nullaque
817 4208 861 4282 de
887 4234 930 4281 eo
948 4232 1102 4303 unquam
1125 4208 1225 4282 fieret
1253 4210 1409 4299 mentio,
1435 4229 1494 4283 aut
1517 4206 1724 4305 inquisitio,
1748 4208 1783 4281 dt

417 4314 558 4389 ‚natent
1120 4378 1125 4387 ,
1677 4345 1700 4383 ,,
1725 4302 1782 4399 qui

763 4409 878 4477 *Puto
896 4410 1064 4496 legendam:
1085 4413 1197 4481 minis·
1283 4412 1287 4421 '

1496 1996 1637 2078 itatum,
1672 1996 1783 2068 donec
1887 2024 1888 2041 ¹
