3984 5167
363 494 662 593 arnna
722 493 1250 601 supernus
1364 454 1513 635 tros

248 695 467 791 Reipublicae
490 690 697 787 egritudine
717 688 923 779 traslantes„
947 691 1088 801 andern
1104 697 1148 771 de
1165 702 1343 786 remediis,
1370 713 1448 805 qui.
1501 720 1617 808 158&

247 794 314 867 bue
341 791 453 866 curari
479 789 607 886 posset,
644 789 887 883 communibus
919 810 1013 864 votis
1044 792 1137 865 inter
1162 792 1196 867 se
1227 810 1445 881 conveniant.
1497 876 1505 890 ,

244 887 376 965 Nullus
398 905 470 961 erat
495 883 658 961 honestus
683 909 877 979 praeteutus
910 885 1090 978 rejiciendi
1117 892 1209 965 hanc
1225 891 1333 989 Regis
1351 902 1457 978 men}

245 1006 337 1072 uem,
362 988 468 1060 immo
482 982 691 1059 laudabatur
706 984 749 1055 ab
768 980 844 1075 ipso
863 982 991 1073 Gursto,
1021 984 1060 1060 δι
1076 984 1284 1075 Catholicis,
1297 1015 1443 1088 utpote,

242 1082 305 1177 qni
331 1102 430 1156 certo
459 1078 522 1155 fibi
547 1078 704 1155 fidebant
727 1077 945 1165 effecturos,
969 1100 1011 1153 ut
1037 1105 1142 1157 nemo
1176 1082 1372 1162 mitteretur
1397 1098 1442 1167 atl

239 1197 470 1262 conventum.
495 1177 561 1273 qui
575 1179 655 1248 zelo
674 1177 869 1269 Religionis
887 1198 960 1247 non
977 1177 1341 1279 polleret,onl0nique
1356 1187 1443 1263 esset

236 1274 428 1360 adamo,
454 1278 545 1349 autb
573 1292 672 1349 certo
701 1270 911 1363 sperabant,
937 1276 1108 1369 quicquid
1132 1280 1215 1356 inde
1241 1306 1452 1375 emanaret,

233 1368 390 1449 uturum
410 1368 613 1449 eorundem
631 1371 838 1452 intentioni,
859 1391 900 1441 ac
918 1373 1024 1449 menti
1038 1381 1350 1455 accommodatum.
1383 1384 1443 1459 ln·

234 1469 324 1545 dixit
344 1470 423 1541 Rex
438 1484 653 1545 conuentum
674 1463 789 1556 Bleſsr,
814 1486 931 1559 eoque
950 1488 1031 1545 cum
1050 1480 1158 1543 marne
1174 1471 1263 1564 pros·
1277 1475 1352 1549 einr
1368 1478 1439 1565 est,

233 1586 385 1659 numque
403 1558 643 1640 adventassent
660 1562 829 1653 delegati,
855 1560 970 1654 primi
991 1586 1193 1641 conventus
1223 1571 1284 1643 die
1309 1578 1440 1649 oratio·

232 1684 314 1735 uem
331 1661 456 1735 habuit
469 1659 548 1733 satis
565 1659 798 1743 luculentam,
821 1654 863 1733 ἄ
882 1658 1069 1751 speciosam
1094 1666 1111 1753 (
1120 1685 1192 1737 erat
1212 1671 1356 1741 enimin
1373 1669 1446 1747 suo¹

230 1756 400 1831 idiomate
430 1759 529 1829 valde
553 1756 748 1849 eloquens)
786 1760 894 1827 multa
920 1758 956 1827 in
985 1757 1034 1844 ei-
1052 1761 1163 1847 tuiro‚
1190 1784 1231 1836 ut
1250 1765 1450 1843 ridebatur·

228 1857 335 1929 animi
358 1850 505 1939 affectu,
530 1853 784 1946 pollicebatur,
810 1854 1103 1948 proponebatque
1120 1857 1407 1935 incommodum
1417 1916 1447 1955 ,.

228 1969 336 2044 atque
354 1951 536 2025 utilitatem
553 1947 750 2021 Catholicae
773 1946 988 2043 Religionis,
1015 1951 1256 2051 baeresumque
1282 1959 1435 2053 extirpa.

226 2049 393 2133 tionem,
410 2048 537 2141 quibus
562 2044 756 2140 pronitus,
782 2062 854 2116 tam
879 2043 1077 2122 Catholicis
1101 2074 1144 2121 ac
1167 2052 1292 2145 regiis,
1317 2060 1436 2132 uoluit

222 2145 363 2217 animos
379 2144 596 2224 auditorum,
622 2164 790 2236 quantum
809 2143 884 2213 lieri
901 2141 1016 2236 pollet
1035 2166 1202 2239 captare,
1229 2171 1270 2219 ac
1289 2152 1431 2243 persua-

220 2236 281 2314 sos
301 2240 469 2326 reddere,
494 2236 564 2313 sese
585 2262 642 2325 ea,
660 2261 736 2332 quae
757 2239 910 2325 diceret,
936 2250 1021 2312 uere
1037 2264 1144 2335 atque
1159 2267 1203 2315 ex
1221 2250 1432 2342 anitnopro·

221 2336 329 2423 serre,
341 2338 499 2430 nihilque
519 2336 612 2408 aliud
631 2334 804 2407 diversum
822 2336 865 2407 ab
881 2358 925 2407 eo
942 2340 975 2406 in
988 2340 1140 2429 pelleris
1153 2340 1276 2411 scrinio
1287 2350 1443 2432 tenere„

223 2455 266 2509 ut
284 2430 331 2505 stc
350 2430 486 2507 remorsa
502 2430 598 2502 omni
616 2430 791 2503 contrarii
807 2428 1021 2524 suspicione,
1047 2432 1184 2508 facilius
1201 2435 1330 2526 finem,
1356 2466 1442 2537 quo

226 2529 363 2603 secreto
381 2527 564 2607 tendebat,
586 2525 844 2618 adipisceretur.
1159 2603 1162 2607 ,

276 2624 427 2697 XLVll.
461 2620 673 2695 Traaabant
700 2623 902 2717 congregati
932 2623 1116 2715 quotidie,
1148 2622 1307 2723 Regiqne
1333 2654 1430 2703 conr·

225 2723 440 2797 manicatum
455 2720 636 2815 quidquid.
647 2722 815 2812 agebant,
841 2720 999 2814 nihilque
1011 2718 1238 2814 propositum,
1255 2731 1351 2819 quod
1368 2731 1428 2803 ille

223 2816 392 2914 placide,
416 2837 458 2889 ac
481 2814 597 2888 serensi
625 2816 740 2889 fronte
773 2839 843 2887 non
874 2818 1101 2899 admitteret,
1135 2820 1173 2891 lle
1199 2828 1425 2914 approbaret,

223 2916 319 2989 Ante
339 2910 643 3002 omneecrrſsum,
670 2914 739 3005 quel
759 2914 907 2985 maximi
923 2917 1039 3006 potuit
1068 2933 1162 3001 arte,
1186 2940 1231 2989 ac
1247 2920 1424 2993 dissimula·
1444 2940 1451 2951 ·

222 3015 321 3085 tione
343 3014 387 3083 ad
402 3010 452 3083 sui
469 3008 712 3083 confidentiam
738 3016 911 3083 attrahere
932 3012 1116 3098 trudebat,
1152 3015 1316 3111 adeoque
1341 3020 1360 3057 ⁸*
1383 3041 1423 3091 nt
1462 3027 1609 3105 *Teque

223 3106 318 3181 fama
336 3106 393 3187 st.
424 3128 503 3177 eum
528 3106 585 3181 die
612 3107 762 3197 quodam
795 3104 874 3179 clim
906 3112 1085 3180 celebrato
1108 3108 1219 3182 Mille
1235 3114 1417 3189 Sacrificio
1459 3110 1599 3168 ‘lm'

223 3204 360 3279 Sacram
393 3204 547 3297 synaxim
574 3201 788 3296 (quamalii
814 3204 939 3277 irolunt
960 3205 1108 3286 hostiam
1141 3231 1212 3278 non
1239 3210 1418 3283 consecra·

222 3302 318 3393 tem)
341 3300 513 3394 prasente
545 3296 671 3389 Gursto,
695 3322 797 3394 quem
820 3304 980 3375 voluerat
1014 3297 1180 3385 addelle,
1216 3300 1279 3374 fibi
1302 3309 1416 3399 parari

217 3394 377 3491 jussisset,
401 3408 586 3491 antequam
605 3393 773 3483 sumeret,
798 3394 1025 3488 protestatum
1044 3394 1161 3482 luisse,
1181 3404 1414 3497 optareque†
1455 3408 1586 3489 mgr:-

219 3486 283 3563 srbi
308 3496 429 3563 animae
452 3490 521 3565 suae
538 3493 647 3563 exitio
664 3491 751 3577 esse,
778 3492 814 3565 id
832 3492 930 3585 quod
947 3492 1079 3567 sumere
1098 3496 1257 3578 volebat,
1275 3495 1300 3571 st
1322 3498 1414 3572 maid
1450 3505 1553 3623 fr'ffl‘

218 3610 304 3683 erga
324 3610 402 3660 eum
431 3586 512 3660 ellet
536 3586 701 3674 affec'lue,
729 3591 764 3659 ni
794 3592 898 3663 etiam
927 3592 1136 3674 exanimo,
1162 3595 1257 3665 omni
1280 3599 1415 3687 gratia,
1465 3584 1491 3625 θ’

218 3707 261 3758 ac
285 3684 624 3758 benevolentiaenn
641 3683 1255 3783 prosequereturmnicsqneamaret.
1282 3692 1414 3780 Brevi,

217 3782 344 3877 quibus
365 3780 482 3875 potuit
499 3780 655 3853 artificiis
680 3780 847 3875 (quorum
864 3805 1009 3875 magnus
1027 3807 1100 3856 erat
1115 3783 1255 3880 artifex)
1272 3786 1413 3879 Guisturrt

214 3880 494 3963 circumvenire,·
520 3902 560 3949 ac
582 3878 626 3947 ab
642 3880 737 3951 omni
761 3883 885 3951 timore
905 3880 1050 3953 liberum
1076 3884 1220 3954 reddere
1241 3887 1411 3972 tentavit,

214 3978 313 4071 quod
340 3999 454 4050 tamen
471 3976 560 4049 nihil
578 3972 774 4067 profecisset
792 4026 801 4055 ,
830 3974 854 4048 u
880 3973 987 4049 fidem
1013 3974 1139 4067 Gurfius
1159 3978 1327 4052 adbibere
1349 4007 1413 4057 vo·

148 4150 153 4153 ,
212 4073 325 4147 millet
343 4073 402 4155 iis,
429 4072 490 4165 qui
508 4094 588 4147 eum
605 4070 806 4164 tempestive
826 4072 970 4147 satis·de
988 4075 1261 4168 Regirocculto
1280 4080 1314 4149 in
1332 4102 1410 4153 eum

216 4189 352 4257 anino,
377 4168 529 4262 odioque
545 4168 727 4243 certiorem
748 4166 946 4256 faciebante
971 4168 1009 4242 dt
1040 4195 1109 4243 non
1130 4174 1219 4247 adeo
1246 4172 1308 4247 fibi
1332 4200 1411 4272 per·

213 4260 378 4347 stetisset,
406 4288 593 4361 numquam
618 4265 754 4361 Regem
777 4266 1041 4441 certose¹1psum
1065 4272 1232 4367 perdendi
1252 4275 1425 4365 periculo-

211 4376 352 4437 taoturn
367 4384 492 4447 conua
511 4360 548 4443 se
565 4360 703 4445 facimus
719 4366 867 4461 aggredi
880 4388 925 4443 au
942 4388 1055 4443 marn.
1094 4366 1277 4464 ‚Quamvis
1291 4390 1423 4447 autem·

348 4491 354 4505 ‘
1366 4484 1424 4536 ης
