3984 5167
442 515 531 612 ur
557 515 594 614 n
617 447 831 620 nnn
852 515 903 610 n
930 513 952 608 1
981 515 1032 608 m
1059 517 1108 614 u
1137 516 1201 624 s.;
1226 506 1246 541 ·’
1354 525 1451 625 ,ιω

234 713 319 808 gine
333 710 369 786 in
384 709 517 802 Insula,
542 663 737 793 &civitate
755 708 893 806 sfidorus
908 711 1346 808 tenerenturne-vir
1354 716 1438 792 stre·
1491 741 1610 817 1572.¹

98 835 99 844 ¹
141 863 145 872 ,
231 807 576 906 nuut,habebatque
587 834 659 888 non
671 814 720 885 ita
736 831 897 904 magnum
908 831 1092 913 numerum
1103 811 1250 882 miiitum
1259 810 1436 906 Hispano·
1657 854 1659 857 v

98 945 99 955 κ
233 929 323 989 rum,
336 903 373 978 &
387 907 640 992 Walonorum3
664 931 738 984 tam
762 903 902 981 fortiter
918 926 1033 980 tamen
1050 905 1130 1002 post
1147 910 1238 980 muri
1252 907 1433 984 labeface-

98 1005 99 1038 ³
231 1003 376 1085 tionem,
385 1003 565 1100 variasque
580 1005 806 1103 irruptiones,
818 1003 974 1078 hostibus
985 1002 1122 1091 restitit,
1135 1020 1176 1076 ut
1185 1002 1435 1080 masiifummt

98 1111 99 1114 ’
232 1122 327 1173 nova
353 1099 479 1174 auxilia
495 1119 638 1197 petere,
664 1125 761 1197 quae,
825 1107 1035 1194 rLumeyum
1054 1098 1172 1182 missat
1196 1121 1349 1193 quorum
1375 1101 1434 1173 ed·

230 1215 340 1269 ventu
364 1197 517 1272 victores
539 1198 678 1272 tandem
697 1215 744 1272 e'v
779 1195 896 1284 issent,
920 1194 983 1268 nist
1001 1194 1136 1270 obsessis
1153 1192 1269 1271 suisset
1289 1196 1433 1272 subven-

231 1311 321 1366 tum.
371 1293 442 1366 Res
460 1314 535 1366 erat
563 1295 703 1366 maximi
731 1297 896 1370 momenti
921 1287 976 1365 Re
1002 1294 1015 1364 i
1038 1290 1180 1367 insulam
1203 1295 1433 1381 conservare,-

233 1410 339 1482 quam
364 1391 412 1462 ob
439 1411 517 1468 uem
550 1390 695 1463 Saucius'
712 1389 856 1474 Dauisa,
890 1390 952 1484 qui
977 1317 1185 1484 intuemiae
1217 1391 1363 1486 agebat,
1390 1393 1433 1465 ic

229 1483 484 1578 Mondragunius
496 1533 508 1569 ,
533 1486 594 1578 qui
614 1485 663 1558 ibi
694 1486 904 1562 etiamtunc
934 1485 1103 1579 temporis
1119 1487 1238 1560 ederat
1258 1485 1349 1582 jussu
1373 1490 1432 1559 As·

231 1581 309 1652 bani
329 1579 372 1654 de
398 1581 531 1653 auxilio
552 1578 701 1656 ferendo
724 1579 981 1666 consultantes,
1013 1580 1164 1674 primum
1186 1583 1257 1656 hoc
1284 1584 1432 1676 navigii}

231 1675 367 1776 aliqnot
383 1678 607 1772 praeparatio,
632 1675 744 1772 iisque
760 1677 855 1752 boni
877 1697 981 1750 manu
1006 1677 1155 1750 militum
1169 1674 1342 1772 ‚imposne
1359 1676 1431 1751 ten·

228 1773 300 1848 tari
313 1791 497 1846 curarunt:
521 1770 581 1846 sed
599 1775 716 1848 hostes
743 1775 961 1864 multitudine
979 1775 1120 1846 navium
1146 1776 1197 1872 ita
1219 1773 1340 1849 insulae
1359 1776 1433 1848 adi·

230 1888 308 1942 tum
323 1867 589 1962 praecluserant,
619 1891 663 1945 ut
687 1867 800 1944 coacti
815 1869 969 1956 fuerint,
994 1869 1056 1963 qui
1087 1872 1133 1945 eti
1155 1873 1288 1958 ierunt,
1311 1891 1351 1942 re
1379 1874 1433 1943 in·

98 2001 99 2016 ,
228 1961 324 2055 sesti
339 1967 485 2040 reverti:
510 1967 629 2060 itaque
651 1967 773 2060 co'e'git
788 1967 963 2045 necessitas
973 1965 1068 2038 eliud
1086 1968 1175 2061 quid
1194 1972 1240 2044 -ad
1263 1988 1336 2040 rem
1354 1985 1433 2041 exe·

234 2062 411 2155 quendam
432 2065 643 2158 excogitare.
692 2059 723 2134 F
725 2084 800 2138 ama
817 2063 889 2148 est,
914 2065 953 2140 δι
985 2065 1142 2158 vulgaris
1167 2065 1314 2157 opinio,
1338 2062 1432 2136 insu·

231 2159 301 2230 lum
313 2157 408 2230 illum
425 2159 613 2256 aliquando
632 2156 829 2234 Brabantiae
847 2157 1040 2246 adhaeiisse,
1065 2159 1325 2258 tempestatibus
1342 2181 1431 2234 vero

221 2251 365 2341 'divulsa
382 2275 496 2342 tetra,
521 2255 663 2330 insulam
682 2252 846 2332 mansisse.
897 2253 946 2328 Et
976 2259 1047 2330 hoc
1070 2276 1206 2330 certum
1230 2255 1298 2341 est,
1323 2256 1431 2329 hodie

101 2352 115 2362 ”
230 2347 375 2426 defluxo
390 2355 477 2428 mati
493 2371 664 2448 appatere
683 2371 813 2438 turres,
839 2352 977 2448 aliaque
998 2351 1163 2448 vestigia,
1187 2373 1268 2452 quae
1291 2354 1361 2428 hoc
1377 2356 1431 2426 in·

228 2447 361 2519 dicant.
410 2447 473 2522 Est
488 2449 580 2521 inter
596 2444 758 2534 insulam,
771 2449 809 2522 &
824 2451 1063 2524 continentem
1079 2449 1210 2522 tractus
1225 2471 1297 2521 non
1315 2452 1429 2524 minut

98 2553 99 2558 ’
225 2543 335 2616 trium
350 2543 566 2633 milliarium:
592 2545 663 2618 hoc
682 2543 785 2616 marie
803 2542 951 2640 spatium
960 2542 1103 2617 defluxo
1118 2543 1202 2616 aestu
1216 2543 1345 2630 ficcum
1360 2567 1431 2617 ma·

98 2643 99 2646 ’
229 2637 361 2734 nebat,
384 2640 495 2713 tribus
519 2643 708 2733 exceptum
728 2640 929 2726 canalibus,
963 2641 1025 2736 qui
1052 2639 1209 2736 quamvis
1244 2643 1348 2715 etiarn
1369 2643 1430 2714 de·

98 2761 99 2764 ¹
227 2729 363 2808 fluente
381 2734 626 2820 mari,=minus
643 2733 812 2830 profundi
836 2735 958 2824 essent,
982 2756 1160 2832 nunquam
1183 2756 1297 2812 tamen
1316 2739 1428 2809 omni·

228 2853 280 2901 no
300 2831 392 2926 aqui
413 2831 591 2906 carebunt.
628 2828 861 2927 propofitum
878 2835 992 2908 Soneio
1009 2829 1048 2904 ἃ
1065 2830 1316 2926 Mondragonio,
1331 2832 1447 2928 poise'

97 2953 100 2965 ·
226 2927 377 3022 spatium
402 2931 503 3001 iilum
536 2929 661 3002 itinere
694 2927 844 3022 pedestri
869 2929 1024 3026 quinque
1063 2932 1234 3024 horarum,
1252 2920 1428 3026 superari,

152 3019 155 3028 '
226 3025 419 3105 ‚dummodo
436 3021 640 3120 opportune
652 3027 718 3098 iter
735 3023 989 3122 susciperetur3
1007 3023 1136 3102 misere
1151 3028 1247 3102 vitos
1258 3027 1426 3112 idoneos,

182 3193 210 3245 χ
228 3121 350 3217 quien
369 3123 440 3198 hoc
455 3125 505 3195 ita
521 3120 596 3196 fieri
610 3119 724 3234 posset
746 3120 892 3197 studiose
918 3123 1163 3220 explorarent,
1186 3127 1430 3198 renuntiarunt

230 3213 325 3310 posse
338 3217 435 3292 fieri:
460 3220 581 3314 itaque
613 3235 704 3292 inter
727 3241 788 3294 eos
810 3217 946 3296 secreto
971 3220 1218 3301 constitutum,
1243 3242 1283 3294 ut
1307 3221 1429 3293 inihlae

227 3313 270 3386 eo
294 3315 354 3387 vii
369 3312 623 3396 subveniretur.
673 3315 896 3392 Provinciam
914 3339 990 3390 eam
1008 3316 1158 3411 suscepit
1177 3317 1427 3410 Mnrragntus
1467 3329 1609 3388 Secunt-

226 3410 284 3479 vir
307 3407 522 3502 fortisstmus,
546 3413 667 3507 reique
688 3413 843 3488 militaris
860 3411 1077 3506 experientis¹
1091 3410 1280 3484 admodum
1291 3415 1427 3495 claruet
1465 3408 1610 3485 murrii·

223 3499 404 3598 designata
427 3506 471 3579 ud
506 3509 771 3602 expeditionem
801 3509 992 3582 tria‘millia
1017 3507 1170 3582 militum
1184 3497 1424 3603 Hispanorum
1463 3491 1598 3630 (ἔξω

227 3599 481 3688 Walonorum,
507 3605 545 3678 δι
563 3603 820 3678 Germanorum
836 3623 920 3680 cum
939 3601 1067 3699 quibus
1082 3601 1287 3698 opportune
1312 3601 1426 3702 dispo·
1463 3585 1594 3711 Ma
1702 3677 1707 3686 ,

228 3695 321 3778 fitis,
347 3718 428 3768 cum
446 3694 516 3790 jani
540 3717 678 3795 tempus
698 3699 802 3789 esset,
828 3701 1079 3794 Mandragorae
1102 3699 1248 3776 sacculis
1279 3701 1425 3798 pulvere
1461 3734 1552 3814 ἕως,

228 3791 440 3888 sclopetario
459 3793 625 3886 repletis,
650 3798 686 3868 in
703 3799 853 3872 humeris
870 3799 1060 3897 multorum
1073 3795 1264 3895 impostis,
1290 3796 1426 3874 insueto

223 3882 278 3990 illi
301 3889 439 3976 itineri,
463 3887 597 3982 primus
614 3887 648 3964 se
662 3890 854 3974 commisit,
880 3915 1046 3987 tantaque
1065 3893 1277 3980 constantia,
1303 3893 1427 3969 aevit-

222 4007 320 4076 ¹tute,
347 3986 385 4060 δι
405 3983 480 4080 ipse
503 3987 540 4060 δι
559 3985 684 4080 reliqui
700 3986 773 4081 ejus
795 3991 960 4082 exemplo
985 3992 1054 4064 iter
1067 3989 1245 4086 prosecuti
1261 3988 1360 4077 sunt,
1385 4013 1427 4068 ut
1561 4045 1566 4052 -

227 4084 390 4169 tandem,
414 4083 658 4179 quamvisjam
675 4085 780 4158 valde
792 4105 836 4159 ex
855 4083 939 4158 aestu
956 4083 1130 4164 crescente
1145 4088 1253 4172 mari,
1283 4086 1433 4180 insulam,

98 4251 99 4258 ,
226 4180 428 4275 attigerint,
462 4201 589 4264 novem
616 4180 697 4255 solit
718 4179 886 4258 militibus
909 4177 1099 4258 submersis.
1150 4181 1312 4259 Substitit
1329 4186 1428 4262 Mon·
1482 4238 1485 4242 «

160 4367 163 4373 .
222 4279 395 4368 dragonius
414 4277 449 4349 in
464 4297 567 4372 parte
584 4275 645 4352 itit
663 4273 802 4369 insulae,
829 4298 933 4376 quern
948 4281 1100 4376 primum
1115 4282 1256 4378 attigit,
1279 4281 1426 4359 duarum

97 4399 99 4456 ῑ
225 4373 391 4446 horarum
406 4370 540 4546 spatio,
565 4393 605 4450 ut
628 4375 774 4456 mititem
803 4377 893 4476 aqui
921 4399 1092 4476 coenoque
1112 4381 1328 4466 madentem,
1353 4401 1430 4453 tan·

277 4467 364 4546 Tum.
388 4471 412 4546 1
438 4523 448 4544 .
472 4471 557 4550 Part
581 4493 614 4552 2.
646 4475 651 4490 '
923 4471 956 4550 X
1320 4496 1429 4568 toque
1542 4506 1548 4517 1
