3984 5167
509 536 618 653 '³92
677 531 712 641 ι.
740 526 789 619 n.
817 546 892 615 nn
927 515 1183 662 Tnssrs
1221 513 1622 615 connatis.

390 754 494 835 1579·
533 776 562 823 ,‚
583 721 681 801 merl
704 718 863 816 inhujus
884 713 1181 792 reconciliationis
1200 713 1369 809 gratiam,
1393 734 1436 790 ut
1453 716 1552 811 quod
1573 713 1739 797 hastam,

534 872 563 919 „
585 847 631 897 ex
659 820 733 916 ejus
749 813 965 927 patrimonio
979 810 1190 980 seulfopun
1209 804 1366 885 subddin
1389 810 1584 887 desumtum
1610 816 1652 893 δι
1667 823 1758 905 0015.

534 968 563 1015 ,‚
584 918 710 993 lectum
737 912 826 999 furt,
850 912 888 985 td
923 931 972 983 tta
1001 932 1046 985 co
1074 910 1190 982 etium
1219 924 1471 1003 receptumque
1507 932 1666 1000 maneat,
1690 914 1742 992 112

370 1010 378 1043 ι
534 1064 563 1111 η
584 1035 701 1091 tamen
734 1030 776 1087 ut
797 1007 1022 1105 imposterum
1055 1005 1101 1077 ab
1122 1002 1322 1101 hujusmodi
1343 1004 1606 1085 detentionibus
1623 1006 1663 1083 dc
1678 1032 1739 1087 oc·

535 1158 565 1208 2,
581 1106 832 1209 cupationibus
856 1101 1046 1211 defistatut.
1181 1195 1190 1214 ι
1414 1196 1422 1212 ο

538 1266 541 1273 ·
582 1256 612 1303 ”
632 1196 1492 1375 iixxxlts'zilssa‘llllll‘rllll
1519 1196 1735 1375 illim

533 1352 563 1497 ζ’,
583 1326 682 1473 initis
693 1323 889 1565 §ineptis
910 1393 985 1477 bis,
1011 1346 1091 1488 quis
1115 1414 1197 1467 cum
1212 1390 1424 1469 Sereniffima
1438 1392 1576 1491 Regina
1589 1324 1737 1494 Augaza:
1885 1440 1887 1469 ,

533 1546 562 1593 „
586 1493 626 1569 dr
651 1494 754 1569 Duoe
780 1494 813 1567 A
846 1494 956 1565 naonis
974 1486 1121 1563 tradate
1136 1486 1225 1562 sunt.
1885 1540 1887 1599 i

583 1641 611 1686 „
632 1586 864 1669 CLXXXVI.
890 1585 1222 1681 Comprehendetur
1246 1586 1315 1660 hoc
1338 1582 1487 1681 uallata
1502 1588 1607 1663 dista
1626 1584 1732 1687 Regi.
1885 1600 1887 1623 ¹

534 1738 564 1785 „
585 1712 647 1775 na,
675 1684 761 1759 Dux
785 1684 1001 1771 Aionzonius,
1042 1679 1231 1776 omnesque
1252 1682 1459 1778 Principes,
1483 1681 1521 1755 δι
1542 1683 1602 1757 alii
1622 1684 1732 1783 cujus·

535 1835 564 1878 „
585 1806 738 1878 cumque
753 1780 965 1888 conditionis
993 1776 1230 1889 fuerint,·qui
1247 1775 1441 1853 Ordinibus
1456 1802 1603 1877 quoquo
1622 1783 1728 1857 modo

535 1928 563 1975 '⁹
585 1880 835 2051 {apoiqtqpplq
860 1874 1492 2067 ffixssdeilriifnrraegideprtlilrlt'commercia
1513 1968 1727 2047 subditorum

534 2121 563 2166 „
584 2094 665 2147 cum
689 2071 832 2151 vicinis,
857 2066 1026 2139 diversam
1051 2068 1269 2163 Religionem
1291 2066 1575 2152 observantibus,
1599 2070 1730 2144 diutur-

533 2217 562 2263 „
584 2191 663 2241 nam
681 2167 760 2241 Suae
785 2162 975 2258 Majestatis
1000 2161 1212 2258 absentiam,
1250 2165 1287 2238 δι
1313 2168 1481 2237 tumultus
1509 2164 1727 2255 subsecutos,

533 2312 563 2359 „
584 2284 679 2337 tanta
702 2265 737 2335 in
761 2261 946 2353 Religione
974 2262 1121 2333 mutatio
1141 2284 1220 2344 orta
1243 2258 1308 2348 fit,
1332 2280 1372 2332 uc
1387 2258 1458 2331 fine
1478 2262 1636 2336 evidenti
1664 2262 1729 2335 dis·

533 2408 561 2455 ,‚
583 2362 727 2436 crimine
753 2362 921 2454 majorum
946 2355 1201 2451 periculorum,
1234 2380 1291 2429 res
1316 2358 1361 2429 ad
1395 2354 1579 2452 pristinum
1607 2359 1728 2433 statum

379 2458 384 2467 “
533 2459 704 2549 „reduci
728 2477 800 2527 non
827 2452 947 2547 poffit,
981 2449 1061 2525 Rex
1091 2452 1136 2524 ad
1163 2450 1340 2549 supplices
1359 2474 1481 2545 preces
1511 2452 1725 2528 subditorum

533 2602 560 2647 „
583 2552 742 2638 suorum,
771 2551 808 2625 δι
827 2574 872 2623 ne
895 2546 1055 2623 intestina
1074 2547 1213 2623 diffidis.
1232 2572 1313 2621 cum
1329 2548 1450 2641 majori
1475 2552 1633 2643 periculo
1656 2550 1725 2625 Re·

407 2660 416 2673 “
533 2699 560 2743 ,,
581 2652 721 2744 ligionis
740 2648 907 2721 Romanas
927 2668 1139 2738 augeantur,
1164 2645 1328 2721 tolerabit
1352 2667 1424 2719 tam
1443 2641 1637 2741 Religionis
1658 2647 1726 2721 Re·

533 2795 561 2839 „
583 2744 759 2829 formatae,
783 2764 884 2836 quam
910 2738 1139 2815 Confeffionis
1161 2740 1372 2835 Augustanae
1389 2744 1552 2815 exercitia
1568 2745 1606 2816 in
1642 2747 1727 2817 civi·

533 2890 561 2936 ,‚
583 2843 712 2914 tatibus
729 2842 766 2914 &
791 2841 879 2913 locis
901 2837 1085 2933 inquibus
1112 2860 1205 2909 nunc
1231 2838 1369 2931 publice
1391 2836 1629 2912 observantur.
1662 2841 1726 2915 Vi·

466 3004 470 3011 .
533 2986 561 3030 „
583 2936 684 3011 ciffim
712 2936 865 3008 Ordines
879 2936 916 3007 in
942 2935 1102 3006 omnibus
1117 2935 1318 3007 civitatibus
1342 2930 1382 3005 di
1396 2936 1483 3006 locis
1500 2932 1726 3029 supradietis,

532 3033 755 3125 „curabunt
778 3030 891 3103 statim
917 3031 1093 3126 publicata
1120 3051 1210 3125 pace
1234 3026 1414 3104 restaurari
1439 3035 1643 3105 exercitium
1660 3032 1726 3106 Re-

533 3176 563 3220 „
582 3131 722 3224 ligionis
741 3126 937 3200 Catholicae
965 3125 1153 3209 Romanae,
1186 3124 1377 3219 propofitis
1403 3128 1513 3223 paliis
1537 3131 1725 3223 equalibus

532 3272 561 3319 ,‚
583 3224 833 3301 inviolabiliter
855 3220 1088 3296 observandis.
1137 3222 1310 3294 Praeterea
1325 3219 1405 3316 post
1432 3247 1557 3318 pacem
1573 3227 1727 3318 publica·

533 3372 563 3416 „
584 3343 655 3396 tarn
676 3322 713 3395 dc
731 3315 901 3393 dimiffum
915 3321 1089 3412 utrimque
1103 3320 1266 3400 militem,
1289 3317 1398 3391 rebus
1416 3342 1460 3391 ue
1477 3325 1634 3413 pacatis,
1658 3320 1726 3396 Or·

535 3468 564 3513 ‚,
586 3420 682 3493 dines
702 3420 913 3491 convenient
932 3413 969 3485 dc
992 3411 1221 3511 praesentibus
1248 3343 1493 3489 Commidariis
1520 3416 1643 3513 Regiis
1671 3420 1729 3494 da·

392 3578 397 3585 .
536 3564 566 3610 „
588 3519 675 3589 bunt
690 3534 852 3608 operam,
875 3510 995 3584 saltem
1014 3514 1182 3585 reducere
1198 3508 1297 3582 usum
1312 3508 1414 3583 dielae
1434 3512 1630 3608 Religionis
1658 3516 1729 3589 Re·

534 3662 566 3707 „
588 3610 747 3684 formatae
770 3610 814 3681 ad
835 3626 945 3679 certas
971 3608 1129 3680 civitates
1150 3609 1189 3681 δι
1207 3610 1305 3690 loca,
1330 3628 1368 3677 ut
1388 3608 1517 3703 cuique
1534 3609 1731 3687 Provincia

538 3705 779 3803 „convenire
805 3702 995 3784 videbitur.
1046 3703 1232 3778 Hollandis
1261 3705 1299 3777 dc
1329 3702 1516 3791 Zelandis,
1539 3732 1732 3804 eorumque

537 3850 567 3899 ,‚
590 3801 853 3887 confoederatis,
878 3797 1102 3873 nihilominus
1130 3802 1345 3875 manentibus
1371 3802 1407 3873 in
1429 3805 1586 3877 terminis
1614 3804 1733 3880 Pacifi-

541 3901 737 3992 „cationis
773 3892 1026 3971 Gandavensrs.
1075 3896 1274 3971 Studebunt
1303 3920 1447 3993 quoque
1478 3898 1658 3991 Ordines,
1691 3920 1730 3974 ut

542 4042 570 4086 ‚,
592 3999 695 4070 etiam
720 4018 785 4090 per
805 3992 1030 4067 Hollandiam
1054 3989 1094 4067 δι
1111 3992 1309 4069 Zelandiam
1333 3996 1506 4090 aliquibus
1527 3999 1615 4072 locis
1649 3995 1730 4071 usus

542 4138 572 4181 ,‚
592 4092 786 4186 Religionis
803 4090 995 4165 Catholicae
1011 4089 1181 4165 Romanae
1196 4093 1401 4187 recipiatur,
1426 4090 1542 4169 donec
1558 4090 1731 4190 progreffu

545 4231 573 4277 ,‚
595 4190 760 4283 temporis
781 4207 846 4282 per
864 4188 1062 4261 ulteriorem
1076 4208 1288 4261 conventum
1295 4188 1435 4283 plenius
1450 4190 1627 4281 videatur,
1649 4185 1734 4265 fiin

514 4288 518 4294 '
544 4329 573 4379 „
621 4284 706 4354 riori
722 4282 907 4379 congreffu
926 4284 1044 4356 omnia
1060 4281 1194 4358 absolvi
1212 4308 1283 4359 non
1298 4284 1435 4380 pollina
1457 4288 1485 4332 “

550 4436 553 4441 -
591 4306 859 4455 dbxlbrvffl.
884 4378 942 4455 De
967 4379 1102 4459 caeteria
1126 4380 1418 4472 concernentibus
1450 4383 1730 4556 expeditionqqp

520 4527 524 4539 .
606 4531 610 4541 .
1615 4504 1655 4561 ω
1718 4520 1737 4537 ι
