3984 5167
391 556 687 660 LIBER
744 561 1213 683 QUINTUS.
1339 571 1426 685 '361'

229 802 259 856 ‚,
281 755 503 843 exactiones,
534 756 797 857 impositiones,
830 776 1027 859 caeteraque
1058 756 1217 834 inusitata
1243 758 1424 858 veiligalia
1476 783 1579 860 1579.

229 902 257 950 „
279 852 315 926 dt
338 873 441 953 onera
456 852 674 949 praesentium
689 854 871 930 turbarum
888 854 1070 929 occafione
1092 853 1354 952 quomodolibet
1372 862 1423 933 in·

226 997 256 1047 ω
277 950 404 1039 dulia,
437 953 580 1044 penitus
612 948 758 1039 cessent,
793 953 830 1029 δι
861 954 1037 1025 tollantur.
1088 951 1141 1025 lta
1166 969 1301 1035 tamen,
1333 952 1423 1029 utsr

225 1093 255 1140 „
275 1068 352 1141 quae
384 1068 557 1119 certorum
588 1068 733 1121 onerum
760 1048 999 1130 continuatio,
1033 1044 1149 1122 adhuc
1180 1045 1256 1121 fore
1286 1069 1330 1121 ex
1361 1046 1453 1132 usu·

223 1190 251 1237 „
271 1142 415 1239 publico
430 1141 666 1237 judicabitur,
691 1142 893 1238 fimulatque
911 1168 974 1239 per
989 1140 1143 1216 Ordines
1155 1140 1318 1216 Statuum
1339 1142 1424 1239 ejus-

224 1237 369 1333 „modi
393 1240 476 1333 quid
499 1236 767 1309 demonstratum
796 1237 920 1325 fuerit,
944 1238 1013 1311 Sua
1029 1240 1190 1335 Majestas
1225 1238 1318 1310 haud
1347 1260 1423 1333 gra·

219 1334 377 1426 „vatim
432 1332 465 1403 se
511 1329 689 1409 Ordinum
729 1332 878 1409 consiliis
924 1334 1025 1431 juxta
1065 1356 1107 1409 at
1154 1332 1323 1412 desiderio
1362 1357 1418 1411 ac·

220 1475 249 1522 „
271 1425 517 1506 commodabit.
1364 1454 1370 1465 t

195 1524 199 1532 '
272 1572 300 1615 „
321 1522 399 1595 XC.
435 1519 605 1598 Praeterea
631 1525 872 1602 instaurabiiur
896 1523 1036 1599 libertas
1064 1522 1348 1601 commerciorum
1379 1527 1418 1602 ἃ

220 1614 433 1715 „transitus
458 1619 573 1693 ubivis
599 1623 756 1695 locorum
773 1644 837 1716 per
856 1622 983 1707 urbes,
1006 1646 1136 1716 pagos,
1161 1643 1310 1715 pontes,
1336 1648 1418 1720 por·

218 1764 248 1811 „
269 1737 325 1789 tus
344 1716 539 1788 earumdem
556 1713 834 1799 provinciarum,
863 1741 932 1791 non
949 1718 1060 1790 minus
1078 1739 1170 1791 terra
1190 1742 1292 1813 quam
1308 1723 1416 1805 mari,

216 1825 246 1907 ',‚
267 1834 406 1908 perque
425 1809 554 1884 fluvios
576 1813 613 1888 dt
626 1811 902 1907 flumina,prout
917 1812 1109 1885 failitatum
1129 1835 1208 1887 ante
1228 1814 1416 1911 praesentes

215 1955 244 2002 „
267 1906 374 1981 hosce
394 1909 584 1994 tumultus,
609 1912 711 1983 novis
735 1932 850 1983 autem
878 1910 1107 2002 vestigalibus
1129 1906 1168 1982 dt
1190 1908 1415 2006 impostioni-

215 2050 244 2098 ‚‚
266 2002 356 2087 bus,
380 2001 507 2101 absque
529 2002 606 2103 Suae
625 2002 814 2101 Majestaris
839 2006 1048 2081 authoritate
1063 2028 1126 2105 per
1143 2008 1208 2081 hos
1224 2029 1338 2081 motus
1357 2009 1416 2081 via

214 2146 244 2195 „
265 2098 352 2174 fatti
363 2100 543 2187 institutis,
568 2098 677 2173 statim
701 2099 886 2175 cessaturis.

263 2246 292 2291 „
314 2193 411 2270 XCI.
438 2195 616 2290 Quoniam
633 2198 721 2273 verd
747 2200 817 2271 hoc
834 2198 1043 2295 potissimum
1069 2199 1186 2295 agitur
1202 2223 1317 2285 nunc,
1340 2191 1412 2296 pax

212 2308 243 2393 3,
264 2312 307 2367 ut
324 2308 428 2367 coeat
450 2294 565 2379 bona,
589 2291 688 2367 firma
706 2318 745 2367 ac
796 2293 909 2369 rursus
934 2295 1083 2379 stabilis,
1109 2316 1187 2388 quae
1209 2295 1328 2369 haberi
1354 2321 1413 2368 ne·

211 2438 241 2489 ,‚
264 2392 368 2489 quit,
392 2384 453 2460 nili
468 2386 557 2484 justa
574 2410 616 2461 ac
630 2410 730 2483 aequa
768 2412 817 2477 rt,
842 2391 879 2465 dt
907 2412 970 2486 par
993 2389 1294 2485 utriusquepartis
1323 2394 1414 2465 ratio

210 2536 242 2587 „
264 2488 459 2570 habeatur,
484 2484 522 2558 δι
552 2484 600 2555 ob
633 2484 670 2556 id
702 2507 746 2557 ne
767 2507 835 2581 qua
854 2484 982 2559 semina
1010 2487 1275 2559 altercationum
1308 2506 1413 2580 atque

209 2632 242 2679 „
265 2584 488 2677 querelarum
513 2580 605 2651 inter
619 2578 769 2674 ejusdem
793 2579 962 2674 Principis
978 2580 1134 2653 subditos
1153 2582 1410 2676 relinquantur,
1504 2588 1518 2645 ’-

209 2727 241 2775 ,,
266 2670 512 2768 SuaMajestas
536 2676 682 2767 cupiens
710 2676 833 2770 aequali
852 2675 977 2749 favore
998 2698 1039 2747 ac
1055 2675 1269 2768 benignitate
1288 2698 1411 2751 omnes
1613 2670 1617 2679 ’

208 2821 241 2869 „
266 2772 307 2848 dt
325 2770 475 2865 singulos
493 2767 671 2856 subditos,
697 2774 756 2864 qui
774 2771 794 2844 al
809 2768 1054 2868 cujuscumque
1071 2773 1227 2867 partibus
1246 2771 1412 2846 hasienus

208 2918 241 2967 „
263 2866 461 2956 steterunt,
494 2867 655 2962 deinceps
679 2864 871 2963 prosequi,
906 2866 943 2939 dt
972 2866 1194 2961 promiscud,
1227 2890 1267 2941 ut
1294 2867 1410 2941 bonos
1449 2908 1451 2912 ·

207 2966 243 3061 ',‚
265 2961 456 3057 fidelesque
474 2962 631 3036 fflbdiros
648 2961 944 3047 omnestrad'tare,
969 2962 1100 3059 ubique
1119 2962 1138 2999 ¹⁸
1154 2963 1255 3038 etiam
1276 2966 1410 3060 primus

210 3061 437 3157 „articulus
463 3058 650 3132 oblivionis
675 3060 866 3153 generalis,
891 3081 1084 3133 mutuarum
1106 3062 1306 3155 injuriarum
1322 3083 1410 3155 prae-

206 3206 239 3254 „
260 3156 446 3230 teritarutn
473 3152 531 3253 (in
551 3179 623 3250 quo
637 3176 719 3227 vera
737 3155 824 3231 basis
844 3178 884 3232 ac
898 3153 1163 3229 fundamentum
1178 3154 1295 3229 solidae
1311 3159 1409 3251 pacis

204 3303 237 3349 „
260 3250 443 3345 consistit)
467 3253 611 3348 plenum
633 3248 794 3325 effebum
815 3251 996 3335 sortiatur,
1021 3248 1176 3323 declarat
1202 3254 1343 3334 eadem,
1370 3254 1409 3325 dt

201 3396 235 3448 „
258 3352 364 3435 vult,
388 3370 507 3420 omnes
533 3367 602 3419 tam
625 3344 864 3422 ecclesiasticas
887 3346 1071 3442 personas,
1096 3368 1200 3439 quam
1228 3343 1408 3419 saeculares

202 3490 237 3540 „
260 3464 471 3539 recuperare
489 3442 635 3537 pacificd
653 3443 746 3517 bona
766 3442 828 3517 sua
848 3443 963 3537 (tam)
989 3438 1131 3514 mobilia
1156 3462 1260 3536 quam
1284 3441 1408 3536 immp-

202 3588 237 3637 ,‚
258 3537 369 3620 bilia,
401 3536 519 3609 debita
538 3540 574 3612 dt
593 3536 765 3621 acliones,
790 3538 899 3635 iisque
919 3535 1032 3609 statim
1052 3535 1101 3607 uti
1127 3559 1169 3609 ac
1193 3536 1262 3609 frui
1289 3536 1406 3631 posse3

201 3686 235 3734 ‚‚
260 3636 302 3707 in
324 3656 365 3707 ea
387 3632 546 3706 nimirum
568 3635 732 3729 qualitate
749 3632 787 3705 dt
808 3636 915 3719 statu,
941 3656 1012 3727 quo
1038 3634 1074 3705 in
1088 3630 1344 3726 praesentiarum
1366 3657 1407 3708 ea

202 3781 237 3829 ,‚
258 3728 340 3825 ipsa
360 3728 577 3829 reperientur
591 3733 698 3829 idque
721 3732 816 3802 omni
839 3732 923 3801 dolo
942 3752 983 3802 ac
1009 3725 1133 3802 fraude
1160 3726 1309 3813 semota,
1334 3750 1405 3803 non

169 3877 173 3885 ι
202 3877 236 3925 ,,
261 3824 423 3901 obstante
444 3828 566 3920 quavis
590 3828 798 3901 alienatione
826 3823 916 3897 satta
946 3825 981 3895 in
1011 3822 1242 3903 contrarium,
1268 3824 1305 3896 dt
1336 3822 1406 3899 boc
1515 3878 1520 3885 -

201 3972 235 4020 ,‚
260 3946 339 3999 tum
380 3924 416 3993 in
449 3920 671 4019 burgundia,
696 3920 961 4019 Luxemburgu‚
986 3916 1199 3997 Hollandia,
1225 3916 1405 3992 Zelandia-

199 4069 234 4115 ‚‚
257 4040 350 4119 que,
376 4037 451 4091 tum
467 4014 506 4091 dt
531 4020 568 4090 in
584 4018 658 4091 aliis
677 4016 891 4112 quibuslibet
917 4012 1111 4091 Provinciis
1130 4036 1171 4087 ac
1195 4013 1305 4098 locis,
1331 4038 1404 4091 non

201 4162 237 4211 ‚‚
256 4114 378 4187 minus
402 4117 447 4187 ad
463 4113 645 4190 utilitatem
673 4110 998 4207 ecclesiasticorum,
1023 4133 1127 4203 quam
1148 4106 1319 4205 Principis
1335 4110 1404 4184 Au·

199 4213 365 4306 ‚,.·rot'ci,
392 4209 441 4284 δι’
458 4210 604 4285 aliorum
633 4210 785 4311 denique
814 4212 981 4287 omnium.
1027 4206 1108 4285 Nec
1136 4206 1276 4294 obstat,
1301 4209 1413 4383 (qappp

1255 4349 1282 4399 u
1393 4340 1408 4365 “

166 712 179 745 ι’

297 4478 312 4488 .
371 4364 406 4441 '*
425 4396 523 4484 Lego:
559 4396 667 4489 utque
694 4404 800 4476 etiam
821 4400 892 4475 dte.

227 4514 233 4525 ·
267 4493 424 4575 simil.
447 4500 530 4578 Pars
546 4523 579 4579 a.
941 4496 1002 4575 Zz
