3984 5167
398 490 693 641 urnun
753 488 1294 604 oona-voc
1362 522 1442 622 52³

246 688 360 766 Salicae
383 688 439 786 agi
468 690 712 786 contingeret,
744 682 899 774 adeffet‚
926 683 988 781 qui
1014 706 1090 758 eam
1113 707 1185 757 non
1212 686 1277 761 effe
1303 688 1438 785 legem,
1484 715 1588 790 1592,
1633 729 1636 736 ,

125 776 130 787 ’
244 785 303 862 sed
327 784 433 859 solum
463 776 774 869 consuetudinem,
808 784 846 856 vi
870 800 994 854 contra
1019 780 1364 857 faemineumrexum
1387 790 1439 861 in·

242 883 463 967 troduiiam,
488 879 678 978 saepiusque
709 879 972 975 interruptam,
1008 899 1050 951 ac
1074 878 1225 975 proinde
1257 878 1434 975 injustam,

116 1052 119 1061 ,
243 976 341 1052 clare
364 974 573 1053 ostenderet.

289 1073 355 1146 IV.
381 1072 470 1147 Erat
488 1094 575 1149 tunc
593 1072 761 1168 temporis
775 1070 947 1238 W'ssgi'
965 1091 1106 1168 paratus
1123 1053 1270 1147 introire
1279 1070 1432 1183 Galliam
1466 1072 1590 1169 *Mm-

127 1250 136 1269 ‚
242 1170 375 1245 Carolus
399 1168 419 1211 ¹'
443 1192 522 1243 cum
540 1171 652 1265 copiis
670 1166 887 1242 commrffisb
936 1188 1031 1256 atre,
1057 1190 1163 1263 prout
1181 1167 1433 1264 supradtdium,
1457 1149 1574 1227 feturas.

239 1289 396 1365 quocum
423 1264 573 1364 profecti
595 1262 750 1355 sunt‚&
769 1262 935 1335 unicum
957 1263 1007 1360 eis
1026 1262 1177 1359 Taffius,
1211 1267 1273 1360 qui
1298 1268 1435 1362 aliquot

240 1381 321 1439 ante
345 1362 420 1436 diet
442 1384 487 1435 ex
509 1357 687 1455 Sueffonio',
710 1356 832 1433 relicto
847 1357 901 1431 ibi
914 1358 1038 1432 Didaco
1053 1361 1228 1449 Gaarroo,
1247 1362 1432 1437 Bruxeilant

239 1459 285 1533 ad
307 1481 363 1534 ner
381 1454 464 1534 suas
481 1456 686 1533 domesticas
700 1455 847 1531 rediret.
871 1452 1129 1551 Agebaturjam
1139 1456 1261 1530 meniis
1275 1456 1428 1534 Februa·
1479 1487 1582 1563 1593.

237 1558 311 1630 rins
327 1554 408 1627 anni
425 1574 485 1649 93.
508 1552 716 1649 invenitque
735 1551 909 1638 Feriatur,
935 1552 1148 1627 Dunenaennt
1167 1551 1319 1649 Sueffirnir'
1327 1605 1340 1642 ,
1367 1558 1432 1651 qni

237 1646 375 1727 Lutetia
390 1650 424 1723 ei
441 1646 660 1747 praecefferat
680 1645 839 1732 obviam,
863 1646 908 1720 ad
931 1647 1147 1723 nabendum
1166 1670 1246 1725 cum
1265 1672 1309 1723 eo
1333 1649 1431 1728 dere

235 1744 450 1845 pecuniaria,
458 1751 557 1843 cuius
572 1742 741 1820 desiderio
760 1742 929 1841 flagrabat
945 1742 1156 1835 immodicd3
1175 1744 1272 1841 quod
1290 1750 1432 1842 quidem

236 1844 389 1919 Fetianus
410 1840 543 1919 differri
561 1840 741 1930 voluisset,
767 1840 882 1913 donec
906 1844 1071 1915 Lutetiam
1094 1840 1351 1932 adventassent3
1378 1848 1429 1917 in·

236 1938 410 2035 stititqne,
435 1960 475 2015 ut
492 1938 590 2015 nulli
611 1934 816 2035 interpofitd
840 1937 939 2011 mora
954 1939 1000 2012 ed
1016 1936 1129 2014 secum
1147 1940 1294 2025 rediret,
1326 1941 1371 2013 ad
1390 1965 1430 2017 ea

237 2036 493 2133 quamprimum
518 2038 779 2133 promovenda,
804 2053 883 2130 qnae
915 2036 952 2107 in
969 2031 1132 2109 Comitiit
1157 2038 1304 2118 uastari,
1324 2037 1431 2111 debe·

237 2133 323 2209 bant
352 2135 397 2207 ad
420 2133 574 2207 omnium
592 2129 759 2212 salutem:
785 2128 843 2205 sed
858 2154 1038 2227 nunquam
1055 2134 1337 2228 acquievitnnm
1358 2156 1426 2209 nec

237 2229 352 2303 voluit
366 2230 596 2339 permittere,
622 2248 663 2302 nt
682 2231 726 2304 ed
750 2227 842 2301 solus
876 2225 1178 2338 proficisceretur,
1203 2228 1316 2304 donec
1335 2232 1428 2306 inter

236 2324 538 2495 tritutari}
551 2320 1429 2527 ’st{attribuereturattentat

235 2518 376 2601 voluit,
402 2513 530 2613 &ipse
551 2514 824 2591 edliberalitans
849 2512 1031 2588 occasione
1047 2533 1202 2599 tentare,
1225 2537 1268 2589 an
1299 2518 1429 2591 utilita-

236 2612 282 2685 tis
309 2611 439 2706 aliquid
457 2612 495 2683 in
510 2610 714 2685 beneficium
732 2610 783 2683 sui
799 2604 908 2705 Regis
925 2608 945 2683 b
965 2611 1135 2684 Dumtnco
1161 2608 1242 2683 esset
1267 2612 1428 2687 obtinen-

237 2704 341 2821 dum,
365 2725 509 2801 perenn,
534 2728 577 2783 ac
603 2704 718 2780 stricte
739 2728 817 2780 eum
844 2728 995 2801 urgens,
1018 2724 1061 2817 nt
1082 2707 1261 2827 acciperet
1278 2732 1322 2809 ex
1342 2731 1429 2784 tnnc

131 2904 142 2919 =
236 2800 1272 2995 tatiitttttttttaiitatttiitttniitt}
1285 2806 1429 2977 itti

235 2994 366 3080 verbo,
391 2992 615 3091 scriptoque,
640 3018 705 3068 nec
724 3017 796 3068 non
812 2995 1042 3088 polliceretur
1063 2996 1115 3069 ita
1128 3017 1233 3091 agere
1255 2999 1292 3071 in
1311 2995 1430 3073 Corni-

237 3093 329 3175 tiis,
353 3112 392 3169 ut
416 3094 509 3167 idem
538 3094 590 3169 ibi
621 3093 859 3168 communibus
884 3092 976 3165 votis
1001 3091 1252 3166 admitteretur.
1304 3094 1430 3185 Casus,

237 3212 344 3287 quem
369 3188 588 3285 summopere
606 3186 802 3263 adfectabat
817 3238 829 3272 ,
843 3184 880 3259 bt
895 3185 1017 3262 innixe
1036 3187 1225 3284 appetebat
1248 3189 1429 3283 Philippum

161 3350 166 3355 .
235 3307 380 3382 eratque
402 3287 483 3359 thoe
509 3286 686 3381 primum,
714 3309 755 3361 ac
787 3286 1006 3383 precipuum
1033 3283 1273 3357 mandatorum
1301 3305 1429 3379 caput,

235 3404 318 3475 quae
335 3382 485 3453 Feriatur
501 3383 687 3469 attulerat,
712 3406 756 3459 to
772 3378 881 3479 iussu,
908 3402 948 3457 ut
966 3396 1046 3451 ante
1060 3379 1178 3453 omnia
1192 3378 1230 3451 id
1251 3381 1289 3453 in
1307 3380 1430 3455 Corni-

232 3480 293 3550 tiis
314 3497 549 3572 proponeret,
575 3502 618 3554 ac
631 3499 781 3575 peteret.
805 3478 863 3553 Ad
884 3475 1000 3570 quod,
1027 3472 1303 3567 srDumenaeunn
1320 3476 1340 3551 i
1357 3499 1430 3574 quo

235 3569 441 3671 pendebant
458 3576 596 3660 omnia,
621 3576 797 3649 attrahere
816 3594 886 3646 tarn
903 3570 1111 3667 tempestive
1126 3571 1310 3666 potniffet,
1333 3575 1432 3649 vide·

235 3672 340 3745 batur
363 3689 420 3741 res
451 3670 495 3743 ad
526 3670 682 3765 ejusdem
705 3671 904 3763 exemplum
937 3670 974 3740 in
1007 3667 1170 3742 Comitiis
1203 3671 1247 3742 ad
1270 3690 1433 3767 optatum

232 3765 342 3839 finem
357 3760 455 3861 poise
473 3769 635 3861 perduci.
673 3764 1055 3841 numerans-exaltem
1070 3785 1172 3860 parte
1215 3768 1432 3861 erpendens,
1505 3784 1510 3791 ·

230 3884 340 3959 quam
357 3883 486 3954 magna
504 3866 658 3936 Ferionur
677 3882 833 3956 peteret,
852 3864 981 3937 'nolens
1005 3861 1044 3936 dt
1072 3857 1147 3955 ipse
1189 3864 1226 3935 ui
1252 3861 1432 3951 oblivisci,

229 3963 343 4033 multa
357 3958 471 4033 voluit
489 3954 554 4033 fibi
572 3957 592 4030 d
611 3958 743 4030 Feriano
768 3957 949 4053 promitti,
974 3954 1189 4051 respondens
1204 3956 1297 4033 adid
1314 3960 1430 4045 aliud,

228 4058 373 4151 placere
392 4053 455 4129 fibi
473 4054 602 4129 Feriani
643 4052 925 4150 toposrtionem,
950 4052 1208 4149 astringensque
1221 4052 1257 4128 se
1274 4053 1435 4131 acturum

192 4186 197 4197 ⁸
232 4152 269 4225 in
292 4151 455 4227 comitiis
471 4174 538 4249 pro
557 4078 763 4246 Eidpubttbd,
781 4172 949 4248 qnantum
967 4150 1005 4223 in
1025 4148 1061 4224 se
1082 4148 1190 4238 esset,
1210 4152 1334 4228 nolens
1345 4155 1434 4231 inte·

227 4247 294 4319 rim
312 4270 354 4323 eo
375 4246 484 4345 usque
502 4248 691 4345 progredi,
714 4270 754 4322 ut
768 4272 813 4322 ex
833 4260 918 4323 tunc
934 4264 1137 4341 acceptaret
1152 4245 1308 4325 absolute
1322 4248 1432 4341 Eufo-

223 4340 350 4422 tettan
374 4365 442 4445 pro
463 4340 622 4425 Domini
637 4343 719 4439 sud,
745 4368 787 4424 ac
806 4343 972 4519 Ιῐὶιινείνιιᾶι,
999 4343 1046 4449 ὃς
1065 4346 1230 4450 privatur.
1248 4347 1286 4424 id
1309 4368 1441 4538 affigi
1536 4418 1542 4429 .
