3984 5167
379 562 729 664 ‘'utuntt
797 558 1192 664 burnus
1292 588 1441 690 ¹147

239 771 307 867 (nt
324 766 484 855 ferebat)
512 763 638 837 Curitis
656 761 851 861 Egmonlonr‘
859 814 871 850 ,
905 760 1006 861 cujus
1023 782 1097 863 erat
1114 758 1235 851 affinis,
1246 788 1324 841 cum
1336 756 1437 842 classe

238 869 370 961 (quarn
395 865 461 956 jam
482 857 616 933 dudum
638 863 674 933 in
692 860 821 956 Angla
837 860 931 934 haud
948 862 1163 955 itamaguarn
1182 862 1435 961 construxerat)

233 980 423 1058 properare
438 958 540 1053 jusit.
589 961 748 1051 Lumeyus
763 955 1011 1052 verd,·prima
1028 956 1160 1051 Aprilis
1182 978 1278 1053 ,anno
1301 956 1435 1056 septua·
1479 985 1584 1058 1572,

235 1057 367 1154 'gefimo
383 1053 554 1139 secundo,
579 1055 617 1126 in
638 1053 779 1126 insulam
788 1048 922 1128 Vuruae
942 1038 1102 1149 exposito
1116 1073 1224 1149 ‘quem
1241 1052 1357 1129 secum
1377 1062 1435 1132 ad-

235 1153 383 1227 duxerat
404 1149 534 1233 milite,
560 1146 692 1222 Brilam
717 1150 902 1239 inermem,
925 1146 1050 1224 favore
1073 1154 1264 1225 multorum
1283 1154 1411 1237 civium
1423 1205 1435 1242 ‚

236 1250 429 1344 ostiumque
457 1239 571 1320 Mosae
592 1245 776 1340 inopinate
797 1266 993 1342 occupans,
1018 1245 1206 1321 secundum
1230 1251 1375 1337 barum,
1391 1254 1435 1325 de
1463 1262 1569 1339 Amara
1682 1253 1683 1257 ’

234 1341 360 1444 ‘quibus
371 1344 502 1438 agitur,
513 1344 745 1417 calamitatum
753 1338 838 1437 jecit
856 1342 1019 1438 lapidem.
1045 1342 1183 1438 Agebat
1198 1362 1283 1419 tunc
1298 1364 1434 1442 tempo·
1465 1340 1556 1401 ⁸²¹7oe-

234 1449 284 1518 ris
301 1445 339 1515 iu
364 1438 469 1534 Haga
485 1438 657 1522 Comitis,
682 1457 762 1532 quae
790 1438 838 1511 est
861 1440 899 1509 in
922 1440 1117 1512 continenti
1139 1440 1272 1537 Regius
1293 1464 1405 1537 pagus
1419 1440 1445 1539 ,'
1515 1461 1529 1477 ··

233 1540 417 1613 Comitum
435 1534 642 1609 Hollandiae
658 1536 798 1631 antiqua
815 1533 930 1620 sedes,
958 1532 1433 1630 comesaurfflr,1l011muiae

233 1644 238 1651 '
261 1631 435 1718 raefeerus,
474 1630 509 1703 ui
523 1630 636 1705 statim
653 1630 715 1702 ubi
732 1634 776 1703 de
790 1630 911 1727 Lumey
928 1626 1086 1704 adventu
1097 1633 1226 1705 certior
1243 1632 1291 1705 eli
1309 1632 1433 1722 fadus,

253 1719 258 1746 ¹
281 1656 527 1801 aessanssusum
551 1724 676 1822 (quod
702 1724 752 1799 est
776 1726 821 1798 ad
844 1728 956 1821 ripam
976 1719 1092 1797 Mosae
1118 1726 1222 1800 Brllae
1251 1724 1431 1825 oppositus

232 1850 279 1927 pa
329 1822 371 1919 s)
395 1822 576 1896 advolavit
602 1840 751 1919 cumque
773 1821 927 1919 speraret
950 1820 1080 1895 Brilam
1103 1816 1205 1897 facilc
1230 1826 1430 1921 recuperari

232 1847 353 2039 post,
375 1922 485 1993 modo
500 1919 677 1993 eeleritate
691 1937 867 2001 uteretur,
892 1920 1063 1993 advocata
1085 1917 1271 2017 evestigio
1288 1920 1432 1996 ex'sra·

231 2020 328 2116 Jesio
355 2014 513 2090 inferiori
530 2016 669 2111 legione
685 2012 918 2089 Lombardica
933 2067 945 2103 ,
971 2015 1030 2089 cui
1050 2034 1199 2110 praeerat
1215 2016 1432 2097 feruruntus

234 2112 401 2188 soluturus
420 2110 622 2207 Hispanus,
647 2114 703 2185 vir
720 2110 880 2197 illustris,
905 2112 1054 2209 navigiis
1065 2110 1118 2185 bis
1137 2112 1260 2196 denis,
1281 2110 1319 2187 &
1331 2114 1432 2210 quin·

233 2216 304 2307 que
319 2212 588 2302 eamtrajiciens
598 2260 610 2295 ,
635 2206 812 2281 Geeruliti
826 2206 846 2247 ⁸⁸
862 2206 1042 2303 exposuit,
1069 2211 1232 2305 nullaque
1251 2208 1434 2306 interpoli-

232 2313 268 2381 ta
283 2304 530 2379 mora'ssrilam
549 2301 668 2378 versus
686 2301 758 2378 stne
782 2307 966 2377 tormentis
992 2303 1151 2391 bellicis,
1176 2306 1314 2401 alioque
1348 2308 1431 2383 belli

218 2423 420 2500 apparatu,
446 2399 553 2475 solas
573 2398 782 2474 ebonorum
791 2397 933 2472 Civium
951 2402 1073 2485 nixus,
1098 2400 1432 2492 contendit,relisiis

232 2500 472 2593 imprudenter
497 2424 623 2591 absrue
649 2496 792 2569 custode
819 2496 900 2568 navi
928 2496 987 2585 ''s,
1013 2514 1092 2592 quae
1112 2496 1156 2569 ab
1189 2496 1287 2571 hoste
1309 2500 1452 2593 postea¹

230 2592 372 2668 incensa
388 2592 575 2665 maximum
595 2594 631 2663 in
653 2588 837 2664 discrimen
855 2591 900 2661 uo
928 2594 1206 2689 uumconjecsre.
1234 2589 1432 2666 cummim

232 2692 271 2764 're
293 2687 422 2762 inferta
444 2687 558 2760 redire
575 2704 783 2781 cogeretur,
808 2686 947 2781 viaeque
977 2708 1097 2762 omnes
1117 2686 1195 2782 post
1217 2684 1431 2787 conflagrata

232 2785 374 2879 navigia
392 2781 500 2858 client
516 2780 716 2879 praeclusae,
733 2802 898 2949 peream
919 2792 1058 2878 partem
1082 2784 1188 2869 vadi,
1213 2804 1292 2880 quae
1321 2785 1433 2881 vulgo

232 2878 370 2977 liacque
395 2883 622 2962 nominatur,
648 2881 731 2952 limo
746 2900 801 2950 aur
829 2878 947 2963 adeo,
987 2900 1028 2955 ut
1051 2880 1142 2954 ultra
1168 2880 1345 2976 cingulum
1369 2884 1431 2957 irn-

231 2996 446 3073 mergeretur
466 2977 586 3058 miles,
608 2978 799 3048 exercitum
808 2976 936 3049 ducere
953 2970 1094 3051 coaetus
1111 2976 1288 3075 est,quod
1299 2974 1431 3052 etiamli

230 3068 433 3165 difficulter,
456 3091 526 3145 tam
551 3067 692 3146 sortiter
720 3092 834 3145 tamen
857 3066 995 3161 aslum,
1020 3089 1061 3149 ut
1084 3093 1206 3148 omnes
1234 3076 1428 3155 incolumes

233 3170 414 3246 evaserint.
463 3167 623 3243 Reduxit
639 3164 771 3266 lloffirtu
786 3166 864 3242 suos
886 3190 951 3264 per
972 3191 1117 3265 aggeres
1138 3192 1251 3269 prope
1270 3170 1429 3246 Dordra·

231 3290 332 3353 curn,
358 3265 420 3340 ubi
436 3286 529 3362 aegre
548 3289 568 3339 a
585 3264 734 3340 Civibus
753 3264 892 3361 navigia
910 3264 957 3339 im
985 3288 1115 3351 errata,
1141 3270 1267 3362 quibus
1283 3269 1429 3343 vehere·

232 3379 291 3433 tur
309 3360 602 3437 Roterodamum:
629 3380 805 3437 erexerant
828 3362 919 3434 enirn
963 3361 1018 3435 ese
1041 3362 1149 3437 &ibi
1175 3363 1292 3437 adres
1316 3386 1428 3435 novas

231 3456 462 3551 plurimorum
480 3460 608 3546 animi,
633 3460 682 3531 ita
702 3476 741 3529 ut
756 3451 868 3553 Boffito
887 3459 1067 3529 introitum
1091 3458 1305 3553 negaverint.
1345 3454 1427 3533 Ho-

228 3552 292 3642 stis
310 3554 447 3625 interim
462 3554 606 3651 trajesio
622 3554 750 3636 miliie‘,
774 3556 842 3646 jam
855 3548 1163 3639 Maessanssufium‚
1180 3554 1424 3651 opidumque’s

231 3646 369 3721 Scidam
379 3696 391 3733 ,
415 3669 456 3717 ac
471 3644 676 3721 Delsavium
691 3663 896 3744 occuparat,
905 3667 946 3722 ac
962 3649 998 3721 in
1018 3646 1094 3747 ipso
1114 3648 1427 3748 Roterodamoper

231 3744 395 3817 sallionis
414 3741 483 3813 suae
496 3746 655 3818 homines
671 3746 719 3817 ita
734 3745 959 3838 profecerat,
984 3767 1023 3820 ut
1035 3746 1107 3843 jam
1117 3748 1254 3825 Civitas
1270 3746 1314 3819 ad
1331 3747 1428 3819 dedi·

231 3843 365 3915 tionem
383 3840 577 3913 inclinaret.
602 3836 708 3909 Periit
728 3833 857 3933 Boffirus
873 3839 1092 3917 solummodo
1109 3840 1305 3932 transtum,
1322 3866 1426 3939 quetu

231 3940 372 4011 tandem
403 3936 590 4027 adjuvante
616 3926 770 4008 Plebano
801 3938 1034 4031 impetravit,
1062 3938 1103 4011 ei
1128 3938 1357 4027 conditione,
1382 3960 1423 4017 ut

228 4036 346 4108 'viceni
383 4035 480 4128 quini
503 4029 636 4105 tantiam
666 4050 805 4125 quaque
836 4034 915 4104 vice
940 4030 1142 4115 transirent,
1161 4036 1235 4129 igni
1260 4034 1304 4109 ad
1335 4030 1422 4110 scio·

229 4133 305 4225 peti
320 4126 415 4201 usum
435 4125 608 4216 extrario,
633 4147 784 4223 quorum
802 4124 881 4201 cuim
897 4129 1003 4221 primi
1020 4129 1054 4199 in
1069 4150 1207 4226 portam
1226 4132 1424 4224 intrassent,

233 4225 364 4322 Ruffitur
380 4225 536 4310 fabrum,
552 4226 613 4323 qui
634 4224 835 4324 praecipuus
851 4222 941 4310 inter
959 4226 1108 4301 rebelles
1134 4230 1273 4316 aderat,
1300 4230 1423 4306 conso·
1528 4260 1533 4269 ·

267 4336 279 4355 ·
1291 4398 1295 4409 ,
1352 4327 1425 4415 dit,

338 4427 562 4499 *Geervtiec
737 4430 938 4591 †Sciedpm
969 4450 1011 4501 ac
1037 4420 1260 4506 Delfshaven.

932 4540 952 4590 2
