3984 5167
352 524 572 658 ‘VITA
617 543 973 664 JOACHIMI
1017 537 1352 648 nonnoni.
1415 590 1463 650 11

271 726 396 806 dolore
421 725 605 803 oelebratae
626 721 726 817 sunt,
750 744 793 801 ut
817 722 1014 800 oobiliffimi
1030 724 1160 826 quique
1179 727 1465 826 anteponeres,

271 825 366 924 quasi
389 817 564 914 ministri,
597 823 751 898 humeris
772 819 841 898 suis
871 819 1041 898 feretrum
1068 819 1276 899 sustulerint.
1353 825 1466 920 Quod

269 924 429 1000 ultimum
454 922 592 1019 Suffridi
606 921 697 994 Petri
706 918 783 1016 dide
797 917 1000 996 adferimus.

295 1013 420 1094 ·Vixit
439 1019 639 1116 Hopperus
658 1041 768 1093 annos
786 1019 1153 1116 quinquagintanos,
1171 1011 1320 1091 mensem
1335 1043 1462 1111 unum,

269 1113 343 1194 diet
359 1119 529 1214 quinque.
579 1113 736 1193 Procero
750 1115 819 1192 fuit
834 1137 986 1212 corpore
1005 1113 1044 1189 dt
1060 1115 1155 1188 virili
1176 1115 1374 1212 dignitate,
1402 1117 1464 1195 fla-

268 1239 317 1294 vo
346 1217 471 1305 erint,
510 1212 626 1290 fronte
670 1215 771 1304 lata,
799 1215 910 1290 oculis
945 1210 1087 1303 caefiir,
1119 1207 1221 1302 naso,
1255 1213 1464 1290 intermedio

267 1309 389 1390 tubere
405 1308 730 1395 sublimi,humeris
747 1312 826 1384 latis
836 1365 846 1400 ,
856 1313 1047 1407 amploque
1063 1309 1215 1404 pastore.
1233 1303 1381 1408 Ingenio
1398 1309 1464 1387 fuit

265 1407 311 1486 ab
326 1409 469 1490 ineunte
483 1427 589 1484 aetate
610 1403 903 1502 praestanriffino,
926 1403 1007 1480 cirin
1028 1401 1066 1479 δι
1084 1422 1208 1501 captus
1227 1403 1309 1482 effer
1329 1405 1464 1496 iacilis,

265 1506 308 1586 δι
321 1505 492 1582 memorio
504 1524 631 1591 tenax,
647 1497 686 1574 δι
699 1499 832 1575 testum
843 1501 1026 1598 judicium.
1049 1497 1251 1575 Accedebat
1272 1505 1462 1599 propenfio

245 1605 313 1679 'ad
327 1599 421 1696 lotis
444 1595 569 1674 Civilis
599 1593 781 1687 studium,
819 1619 899 1696 quae
927 1599 1014 1677 huic
1039 1593 1192 1672 scientia
1217 1606 1465 1696 comparandae

265 1699 444 1796 aptiorem
469 1692 623 1772 reddidr.
672 1693 822 1770 Amator
843 1689 986 1792 justitia
1012 1694 1182 1770 maximus
1209 1691 1276 1769 init
1299 1697 1464 1793 semper,
1590 1755 1593 1760 .
1739 1705 1743 1710 ’

264 1794 448 1871 avaritiam
463 1815 550 1868 cane
565 1791 668 1905 pejus
683 1787 723 1865 δι
740 1813 857 1890 angue
874 1793 970 1881 odit,
988 1789 1172 1868 libidinem
1191 1787 1377 1868 detestatus
1391 1795 1464 1888 est,

265 1891 389 1972 luxum
403 1889 654 1986 multomagis.
706 1887 766 1964 Ad
782 1891 938 1968 honores
955 1890 1197 1988 &dignitates
1216 1879 1371 1978 accessit,
1391 1915 1463 1970 non

266 1989 484 2076 ambitione,
523 1985 583 2062 sed
603 1986 770 2075 virtute,
802 1984 841 2062 δι
863 1985 1024 2085 pluribus
1058 1981 1301 2062 benefaciendi
1333 1985 1460 2066 studio.
1553 2029 1564 2044 ·

267 2085 398 2161 Animo
420 2082 487 2158 fuit
514 2105 666 2181 magno,
689 2107 711 2158 a
732 2083 838 2162 rebus
859 2084 1030 2173 caducis,
1061 2100 1129 2180 pro
1152 2077 1461 2180 immunitione,
1498 2103 1501 2109 '

267 2181 526 2272 abdudiissimo,
552 2203 639 2279 quas
666 2201 763 2256 certa
778 2180 927 2279 quadam
951 2183 1087 2255 ratione
1108 2177 1291 2275 despexit:
1342 2205 1384 2257 ac
1412 2183 1462 2260 se·

267 2281 367 2394 cretd
380 2379 387 2393 ι
402 2277 465 2353 fibi
497 2274 807 2450 Piiscfil’i‘gffi
838 2279 884 2360 ab
908 2276 1140 2356 adolescentia
1172 2273 1267 2369 sua,
1298 2280 1461 2377 qnaedam

265 2395 408 2547 gretatrr
428 2393 625 2462 exercitia,
653 2395 682 2448 rr
746 2397 767 2449 a
789 2396 930 2474 quoque
947 2373 985 2448 δι
1010 2372 1149 2470 aspera,
1178 2376 1271 2449 ultra
1295 2375 1399 2474 quarn
1414 2381 1461 2454 ab

293 2477 413 2550 omine
436 2473 474 2546 in
495 2467 602 2547 seculi
625 2493 681 2544 me
708 2473 744 2547 ‘o
764 2473 910 2549 vivente
928 2467 1108 2644 oxminsi

267 2573 390 2648 Mraer
414 2569 569 2664 elogium
586 2567 690 2643 tulit:
724 2568 823 2666 quod
847 2571 886 2644 in
907 2593 961 2646 me
989 2568 1009 2585 ''
1052 2589 1212 2645 curarum
1231 2572 1351 2658 undis,
1377 2571 1462 2646 Rei·

266 2679 339 2763 que
362 2663 515 2762 publicae
542 2661 822 2738 administrando
848 2666 1031 2763 negotiis,
1064 2662 1176 2738 sacras
1201 2665 1308 2740 etiam
1340 2669 1460 2744 literar

266 2763 351 2860 pius
372 2763 481 2836 homo
497 2759 685 2849 trastaret,
714 2760 752 2835 δι
772 2761 882 2835 vitam
907 2756 1071 2858 religioso
1093 2761 1175 2834 viro
1196 2761 1337 2860 dignam
1355 2767 1459 2840 duce·

269 2881 346 2949 ret,
368 2879 494 2956 magna
516 2855 729 2932 innocentiae
744 2908 757 2946 ,
774 2854 1028 2955 sarmentisque
1043 2856 1220 2953 opinione.
1271 2857 1462 2936 Testantur

267 2957 307 3032 id
330 2953 457 3054 Psalmi
477 2951 522 3029 ab
545 2977 610 3042 eo,
632 2951 726 3068 quast
752 2953 964 3054 Theologiae
986 2977 1132 3053 operam
1146 2957 1321 3054 perpetud
1340 2957 1460 3035 navas·

266 3050 346 3140 set,
380 3050 581 3150 paraphrasi
617 3051 679 3146 ptd
708 3051 901 3141 illustrati,
935 3053 974 3130 &
996 3053 1069 3127 alia
1086 3073 1166 3147 qoae
1197 3057 1325 3151 partim
1353 3057 1459 3132 vivos

269 3147 373 3248 ipre,
404 3149 534 3245 partim
555 3142 718 3224 afunere
740 3149 906 3246 Gregorius
931 3147 983 3226 dr·
998 3150 1097 3247 cajo
1114 3147 1176 3222 filii
1196 3151 1332 3242 edenda
1359 3175 1460 3227 cura·

268 3267 364 3323 runt.
421 3243 499 3336 Qui
521 3246 791 3319 Commentariun
813 3245 886 3344 ejus
909 3245 1034 3343 legerit
1058 3244 1193 3321 attemd
1205 3297 1218 3335 ,
1246 3249 1283 3324 &
1300 3250 1386 3416 Kios
1408 3249 1460 3324 ibi

267 3339 411 3433 senius,
446 3339 485 3415 de
498 3343 711 3418 orthodoxae
736 3339 819 3418 fidei
845 3345 963 3420 zelum
985 3344 1238 3438 deprehendet
1335 3344 1460 3421 iberra·

268 3457 342 3513 tem
364 3438 526 3514 veritatis
545 3437 825 3535 depraedicandae
854 3439 1036 3528 ostendit,
1065 3439 1150 3512 dum
1173 3440 1220 3513 de
1242 3441 1378 3537 origine
1403 3441 1459 3519 ln·

269 3531 460 3631 quifitionir
483 3533 521 3608 in
547 3535 697 3632 Belgio,
725 3553 796 3610 tttn
822 3535 979 3634 aperte,
1063 3533 1120 3608 im
1150 3531 1264 3610 solide
1291 3539 1458 3629 testatur,

267 3628 427 3706 oratione
453 3651 525 3706 non
548 3631 709 3708 omnibu·
735 3633 938 3730 placitura,
1002 3633 1011 3650 ‘
1065 3630 1187 3723 fortd,
1220 3635 1318 3730 qudd
1354 3657 1459 3711 nova.

265 3725 405 3806 Verum
444 3728 535 3801 enirn
568 3727 681 3820 verd,
720 3728 856 3806 tametfi
887 3729 1010 3826 Belgae
1041 3731 1176 3808 nollent
1199 3729 1460 3826 lnqnifitionem
1537 3785 1544 3800 .

266 3823 366 3923 apud
390 3843 452 3898 eor
476 3821 668 3906 obtinere,
704 3839 820 3899 tamen
855 3831 931 3924 ejus
958 3827 1005 3901 ali
1029 3827 1148 3903 uando
1171 3825 1327 3922 legitime
1350 3829 1461 3903 intro-

267 3917 428 3996 duetaea
466 3943 511 3994 ne
534 3918 699 3996 exercitae
722 3921 924 4014 veritatem,
981 3946 1006 3996 o
1061 3945 1104 3998 ac
1126 3945 1254 4019 negare
1276 3921 1371 3998 haud
1401 3950 1461 4001 va·

269 4018 405 4095 lebont.
428 3939 511 4091 thit
534 4009 688 4088 historie
712 4009 799 4090 fidet
821 4015 910 4105 sua,
951 4036 1048 4113 rtque
1069 4017 1267 4096 nationibus
1283 4017 1322 4097 de
1345 4044 1460 4120 popu.

268 4115 313 4190 its
339 4111 399 4186 sua
423 4113 576 4189 libertae.
1248 4198 1252 4202 g

314 4207 483 4284 Ceterdm
509 4210 853 4286 commemorandum
878 4205 950 4301 est,
973 4211 1111 4307 Hopperi
1134 4212 1294 4299 viduam.
1318 4213 1460 4291 liberos·

263 4309 396 4406 quein
426 4305 589 4408 Belgium
615 4326 770 4386 remeare
798 4307 958 4384 volenter
981 4331 1095 4386 annua
1119 4311 1214 4387 mine
1242 4308 1459 4387 florenorum

848 4401 926 4478 Ba
1375 4430 1461 4505 perr·

1102 2493 1150 2546 es.
1200 2469 1308 2548 Unde
1341 2475 1413 2550 hoc
1441 2498 1462 2549 a
1552 2525 1555 2530 ‹
