3984 5167
495 450 498 461 ’
555 502 643 599 410
699 476 735 586 J.
765 470 812 563 n.
840 488 914 561 ne
942 448 1204 560 *rassrs
1241 427 1637 570 contrane.
1761 518 1767 529 -

411 686 514 763 1579·
559 669 655 771 polle
682 664 765 746 duci
791 662 912 762 aliquo
936 658 1046 738 modo
1063 678 1137 738 erat
1156 656 1351 734 vetifimile.
1398 656 1524 755 Itaque
1538 660 1584 735 ad
1599 660 1754 745 ultimul

558 770 711 869 publieae
724 760 855 839 scilicet
868 756 1133 857 proscriptionis
1144 758 1291 853 praemio
1308 755 1580 836 corroboratum
1592 762 1757 851 modurn,

559 888 633 962 quo
652 859 909 959 impollibilitati
927 856 1149 937 executionis
1158 852 1296 951 justitia>
1310 851 1410 927 licite
1428 855 1524 951 apud
1539 878 1663 931 omnen
1672 854 1759 935 Rel-

558 961 719 1133 fiublicaa
735 958 853 1066 caveri
870 953 1104 1063 consuetum-‚U
1122 951 1264 1063 taudenu
1287 950 1432 1062 ventum
1448 951 1526 1061 est,¹
1540 952 1638 1064 publ'
1713 978 1763 1033 ne

500 1130 504 1137 ·
559 1050 1067 1245 ,illalilllltlllr
1081 1045 1640 1255 lllssqlliluzlllbll
1654 1070 1762 1224 „lt

560 1270 600 1327 re
624 1248 810 1417 (prataque
831 1246 924 1319 bona
948 1246 1115 1319 antehoc
1130 1240 1284 1316 odicium
1300 1260 1441 1315 nomme
1455 1239 1566 1336 Regia
1587 1240 1673 1321 fisco
1687 1268 1761 1321 non

558 1345 698 1423 fuerant
721 1368 741 1417 a
768 1339 887 1437 dicia)
913 1361 1065 1434 eumque
1091 1339 1214 1413 vivum
1232 1336 1548 1433 comprehendere,
1566 1360 1631 1417 aut
1645 1361 1762 1417 morte
1880 1393 1881 1402 κ

561 1440 721 1527 afficere,
746 1458 853 1533 prout
877 1436 1095 1513 commodius
1120 1432 1200 1509 fieri
1223 1429 1367 1530 pollet,
1401 1434 1588 1509 liberando
1612 1436 1759 1535 egregie

561 1534 830 1634 Rempublicam
861 1528 1002 1631 d'peste
1039 1533 1098 1605 illa
1119 1533 1290 1616 maxima,
1315 1552 1386 1627 qua
1408 1531 1602 1617 incolumi,
1627 1536 1678 1609 nil
1695 1533 1760 1611 nifi
1786 1586 1791 1597 ,
1880 1585 1881 1598 ,

429 1690 431 1697 =
560 1635 762 1711 certiffimur
778 1632 851 1727 ejus
866 1629 1029 1705 interitus
1045 1624 1187 1703 tandem
1198 1624 1358 1724 subsequi
1372 1644 1521 1723 poterat.
1535 1626 1761 1729 thueprae·

565 1752 620 1805 ter
642 1733 756 1805 zelum
778 1728 865 1802 boni
883 1724 1018 1822 publici
1035 1725 1146 1821 magia
1165 1721 1284 1799 adhuc
1307 1724 1433 1818 aliquia
1454 1724 1500 1797 ad
1523 1726 1691 1821 opusboc
1703 1729 1760 1803 vi·

444 1826 447 1833 ’
562 1828 625 1902 tile
653 1823 901 1902 accenderetur
927 1872 940 1909 ,
979 1818 1204 1900 constituitur
1226 1822 1404 1897 executori
1426 1822 1606 1915 praemiom
1625 1822 1757 1916 viginti

498 2006 503 2013 ,
562 1924 719 2021 quinque
734 1921 880 1995 millium
896 1940 1103 2007 aureorum,
1126 1937 1298 2014 praterea
1314 1913 1435 1990 &hoc
1448 1915 1661 2011 promilluar,
1675 1942 1760 1995 eum
1881 1965 1882 1984 t

506 2014 517 2043 x
562 2021 625 2116 qui
646 2022 716 2095 hoc
734 2015 869 2093 facinus
900 2015 1171 2111 aggredereturt
1193 2011 1368 2109 quidquid
1385 2014 1514 2107 quovit
1539 2014 1647 2089 ruodo
1671 2016 1761 2091 deli·

562 2114 705 2213 quiffet‚
729 2114 828 2186 nullo
845 2113 950 2209 plane
971 2107 1101 2185 delidio
1115 2130 1284 2205 excepto,
1308 2106 1507 2185 absolutum
1521 2110 1597 2195 iri,
1620 2108 1759 2187 &iiad

562 2234 636 2287 rem
654 2212 893 2306 exequendam
908 2208 1045 2304 aliquot
1060 2204 1123 2281 fibi
1145 2202 1370 2302 adjunxillet,
1393 2206 1449 2279 his
1473 2206 1581 2281 anm
1606 2206 1760 2284 &uberi

589 2305 786 2389 romillum,
810 2328 877 2381 uec
895 2326 966 2379 non
983 2300 1292 2379 omnibndeliuis
1306 2321 1510 2397 exemptos,
1526 2300 1763 2399 liberatosque

562 2331 659 2489 fore,
684 2405 737 2479 uti
751 2403 878 2487 etiam,
903 2398 928 2473 sr
946 2400 1119 2497 ignobiles
1138 2396 1268 2484 effent,
1292 2420 1355 2473 eos
1377 2420 1497 2484 omnes
1512 2400 1764 2475 nobilitandos.

562 2500 745 2577 Declarati
769 2518 936 2595 praeterea
967 2500 1040 2572 boc
1063 2493 1141 2591 ipso
1174 2491 1325 2583 edicto,
1357 2494 1555 2589 perduelles
1579 2494 1618 2570 dt
1645 2498 1762 2572 hoster

562 2598 722 2694 publici,
747 2594 947 2691 privatique
965 2592 1068 2669 bonir
1089 2588 1129 2667 dt
1148 2592 1332 2666 nobilitare
1347 2612 1468 2665 omnes
1479 2642 1494 2679 ,
1517 2593 1580 2687 qui
1600 2593 1762 2688 perseue-

562 2713 680 2773 rarent
695 2695 870 2767 dehaerere
886 2692 1025 2765 Aurar'co
1032 2710 1202 2785 ,eumque
1212 2687 1447 2783 juvarentaot
1462 2712 1503 2763 re
1516 2708 1578 2761 aut
1591 2688 1736 2765 confilio
1744 2740 1762 2779 ,

564 2788 697 2864 directe
727 2810 787 2863 aut
810 2782 1001 2869 indirecte,
1025 2789 1105 2861 data
1130 2783 1346 2881 permistione
1370 2785 1410 2860 dr
1433 2785 1607 2876 licentia,
1631 2808 1673 2863 ut
1696 2810 1762 2862 eoo

455 2892 457 2902 ’
563 2907 688 2960 omnes
702 2906 821 2958 eorum
847 2907 891 2959 ue
909 2882 1003 2955 bona
1022 2882 1203 2977 (exceptis
1225 2903 1305 2981 quae
1332 2885 1403 2977 jam
1425 2878 1508 2955 fisco
1530 2903 1630 2957 erant
1650 2885 1765 2979 appli-

565 2979 669 3075 cata)
690 2980 805 3075 quivis
819 2908 883 3053 lqrbi
900 2976 1014 3074 pollet
1031 2978 1241 3059 vendicare,
1265 2976 1459 3051 dummodo
1474 2997 1609 3053 tantum
1629 2980 1763 3053 consta-

564 3096 618 3149 ret
644 3076 898 3172 proprietarios
927 3096 1008 3155 curn
1032 3076 1174 3147 Auror'cr
1199 3072 1334 3148 directe
1357 3076 1417 3149 vel
1443 3074 1614 3151 indirecte
1639 3078 1766 3172 aliquo

563 3172 672 3247 modo
692 3168 864 3259 ttadlalle,
887 3172 939 3245 uti
956 3170 1105 3245 econtra
1130 3190 1292 3254 cautum,
1320 3173 1515 3245 condonari
1530 3175 1674 3249 omnino
1688 3196 1765 3249 orn·

563 3271 691 3356 nibus,
717 3270 779 3366 qui
793 3264 924 3343 dicium
948 3268 1125 3341 Aaroirarrr
1151 3266 1318 3341 hactenus
1343 3266 1453 3344 secuti
1475 3264 1635 3358 iudicor,
1657 3270 1761 3364 quid·

564 3368 652 3460 quid
672 3368 903 3460 deliquerint,
927 3386 969 3441 ac
995 3364 1094 3447 dari,
1115 3383 1159 3440 ac
1181 3363 1332 3437 conceffl
1354 3362 1564 3439 beneficium
1589 3362 1763 3441 tradatur

562 3461 746 3631 fflontibue
763 3484 842 3535 cum
857 3456 1134 3535 Artbessenfibut
1150 3456 1322 3543 conferri,
1345 3462 1405 3535 uel
1426 3460 1579 3555 ejusqui
1596 3461 1765 3537 Coloniae

603 3578 676 3631 erat
692 3558 856 3641 oblatus,
881 3578 990 3651 prout
1005 3579 1038 3630 m
1085 3554 1115 3629 is
1130 3556 1165 3629 ei
1180 3559 1349 3653 placeret,
1362 3556 1553 3633 dummodo
1564 3557 1656 3633 intra
1664 3582 1789 3634 rnen·-

562 3650 633 3728 sem
652 3658 828 3727 Aurairrrrrr
851 3649 1027 3739 deserant,
1062 3648 1188 3749 eseque
1211 3652 1256 3728 ad
1277 3674 1397 3751 parter
1415 3649 1548 3748 Regiae
1574 3656 1761 3731 reducant.

564 3750 707 3845 Quibus
736 3748 860 3825 mediis
882 3745 1045 3843 sperabat
1073 3744 1154 3825 Rea
1172 3745 1272 3845 polle
1298 3748 1565 3846 Reipublicae
1589 3754 1763 3847 peculiari

436 3912 439 3919 .
560 3849 606 3923 ab
632 3851 769 3923 Aurar'to
795 3846 1047 3941 impedimento
1071 3845 1235 3942 periculo
1257 3850 1398 3935 caveri,
1422 3843 1463 3923 dr
1490 3844 1516 3920 u
1542 3872 1615 3923 non
1639 3870 1763 3923 omnes

564 3942 683 4021 saltem
699 3943 870 4039 plurimos
887 3964 932 4023 ex
946 3944 1085 4021 cauteria
1100 3944 1146 4019 ad
1161 3942 1239 4019 suaa
1253 3964 1372 4037 parter
1397 3941 1540 4021 reduci:
1565 3944 1629 4019 sed
1650 3942 1767 4039 louge

565 4042 653 4114 alius
694 4062 772 4115 uam
792 4039 872 4115 Rex
888 4040 1047 4136 sperabat
1061 4043 1133 4137 ejus
1150 4044 1201 4116 rei
1224 4036 1294 4115 fult
1307 4060 1469 4118 eornm.

387 4148 515 4226 tustra
614 4134 682 4210 CC
718 4134 811 4213 XIX.
836 4134 929 4213 Haec
945 4141 1039 4215 enim
1058 4135 1308 4235 prescriptio,
1336 4136 1500 4234 quamvis
1512 4134 1693 4235 justiffimir
1710 4134 1768 4213 de

384 4230 536 4391 5⁸2⁸qu
565 4228 674 4310 caulis
690 4254 874 4326 emanata,
899 4238 996 4333 apud
1022 4232 1151 4333 belgae
1175 4254 1291 4311 umen
1314 4232 1547 4324 morinen,
1577 4235 1770 4409 prioaffie
