3984 5167
553 497 649 585 ¹320
706 468 740 582 ι.
768 466 921 581 une
948 459 1633 565 crassis-commune.

409 670 521 764 11578.
567 669 661 744 resia
687 686 730 737 ex
745 664 861 759 platea
878 662 999 747 linea,
1025 663 1198 757 Rymenu,
1234 658 1409 757 Boffiu'iqut
1432 657 1554 734 errasse
1579 660 1767 739 admodum
1872 662 1873 709 ¹

559 764 794 840 munitiones:
820 762 917 855 quod
936 783 1107 835 cumxnon
1132 760 1221 832 bene
1245 757 1501 853 perlustrassent
1520 758 1687 845 Auslriati
1706 782 1765 833 ex·

567 865 763 958 ploratorea
780 907 792 941 ‚
816 854 922 931 facile
939 879 983 929 eo
999 854 1076 929 sunt
1100 856 1241 929 adducti
1256 854 1379 951 Regii,
1407 878 1444 928 nt
1454 862 1489 927 in
1508 854 1549 929 ed
1565 876 1665 950 parte
1679 859 1764 951 Ray·
1872 902 1873 919 ι

568 976 690 1034 merram
709 953 774 1027 esse
791 955 995 1041 crederent,
1013 954 1074 1029 ubi
1093 953 1309 1048 apparebant
1330 950 1432 1025 didiae
1445 952 1650 1025 rusticorum
1659 953 1762 1041 casae,
1809 1011 1823 1029 .

567 1078 682 1147 eoque
694 1056 737 1129 ‚in
752 1049 990 1124 loc0.bostem
1016 1050 1265 1123 munitionibus
1286 1051 1358 1123 ‘suis
1381 1052 1548 1123 vallatum
1566 1047 1761 1127 consistere.
1808 1107 1819 1129 .
1872 1094 1873 1141 3

566 1150 716 1246 Boffuius
732 1170 811 1221 cum
828 1149 904 1220 haec
919 1146 967 1217 ita
985 1146 1135 1241 aRegiis
1151 1146 1276 1241 procul
1295 1144 1574 1230 confideranrur,
1594 1150 1764 1240 premittit
1872 1144 1873 1187 ¹

560 1269 641 1327 tres
656 1248 808 1340 equitum
827 1242 1129 1337 sclopettariorum
1148 1265 1301 1329 turmas,
1327 1244 1389 1339 qui
1416 1262 1497 1317 ante
1524 1244 1660 1337 primos
1688 1246 1764 1319 ilios
1871 1234 1873 1279 ²

442 1390 450 1406 ·
560 1367 716 1440 aggeres
747 1363 826 1413 cum
851 1340 971 1433 Regiis
996 1340 1244 1423 velitarentur,
1271 1364 1380 1435 eaque
1410 1340 1645 1434 occupatione
1659 1342 1763 1435 impe·
1872 1344 1873 1351 ³

571 1442 712 1525 direnr,
737 1461 780 1509 ne
810 1438 953 1510 ulterius
978 1458 1122 1531 aggeres
1151 1434 1268 1509 versus
1292 1440 1620 1533 progrederentur,
1654 1438 1762 1512 donec
1872 1506 1873 1509 ,

532 1565 536 1573 ’
570 1562 631 1611 eos
655 1535 824 1610 sexcentis
847 1531 1078 1627 sclopettariis
1106 1534 1337 1626 undequaque
1367 1539 1455 1608 bene
1479 1532 1683 1620 muniisset,
1718 1556 1760 1609 eo

561 1631 733 1718 consilio,
758 1652 798 1703 ut
816 1632 957 1724 quando
972 1648 1181 1724 cogerentur
1203 1633 1337 1724 equites
1353 1630 1388 1702 se
1410 1632 1594 1725 recipere,
1624 1648 1707 1705 tunc
1728 1632 1763 1706 ὄι

570 1733 623 1805 iili
638 1731 797 1824 pedites,
823 1729 955 1801 hostem
976 1728 1020 1798 ab
1038 1726 1207 1821 ingressu,
1227 1749 1394 1821 quantum
1417 1727 1572 1821 possent,
1592 1747 1763 1816 arcerent:;

571 1849 743 1920 cumque,
770 1823 808 1893 δι
835 1821 901 1918 ipsi
932 1845 1140 1921 cogerentur
1166 1846 1328 1917 aggerem
1346 1823 1540 1910 deserere,
1565 1846 1637 1897 tum
1659 1826 1764 1897 diffie

564 1920 656 1998 ,casis
671 1924 787 2017 ignem
805 1920 1007 2013 injicerent,
1031 1940 1069 1991 ut
1089 1942 1312 2014 quocumque
1332 1921 1468 2015 possent
1491 1924 1620 2003 modo,
1643 1920 1763 2015 Regiis

565 2021 697 2117 ‚plateae
714 2013 889 2089 transitum
906 2015 1080 2092 difficilem
1096 2018 1292 2089 redderent.
1314 2018 1482 2110 Dumque
1498 2020 1575 2092 haec
1596 2016 1763 2112 Βιθῐιιιιι,

567 2114 785 2211 Αιβιίιιιιιι,
804 2111 926 2199 miffis,
951 2116 1012 2207 qui
1036 2136 1115 2185 cum
1137 2114 1366 2208 sclopettariir
1390 2116 1459 2187 illis
1477 2117 1652 2209 equitibus
1668 2116 1762 2187 dimi·

571 2230 712 2299 carent,
731 2209 804 2304 jam
823 2213 918 2283 omni
933 2213 1107 2292 exercitu,
1133 2211 1283 2305 primum
1301 2232 1343 2284 err
1361 2213 1461 2283 diei-is
1478 2212 1611 2309 campis
1640 2213 1762 2283 intran-

513 2372 521 2381 .
571 2326 634 2398 te,
657 2309 827 2382 continuo
841 2327 882 2378 ut
896 2309 941 2380 ad
959 2328 1112 2403 pugnam
1127 2306 1367 2401 disponeretur
1379 2309 1525 2383 curavit.
1551 2308 1765 2382 Constrnsiae

451 2488 456 2495 ,
491 2498 494 2501 Α
572 2428 619 2478 ex
640 2404 819 2500 peditibus
843 2421 953 2478 temae
977 2427 1114 2499 magnae
1144 2408 1260 2487 acies,
1286 2426 1394 2499 atque
1419 2428 1488 2478 una
1514 2407 1698 2478 mediocris
1722 2426 1764 2477 ex

568 2498 655 2580 solit
675 2497 863 2597 Hispanis,
882 2500 994 2597 iisque
1011 2499 1241 2585 electioribus,
1257 2524 1362 2595 quana
1381 2505 1558 2575 volantem
1572 2502 1765 2588 vocabant,

572 2619 679 2693 atque
701 2601 778 2673 haec
792 2601 828 2671 in
845 2596 963 2671 fronte
980 2602 1212 2681 collocatam
1226 2598 1394 2671 stantibus
1410 2598 1470 2671 suo
1487 2600 1523 2670 in
1539 2601 1621 2673 loco
1631 2599 1765 2683 alteris,

565 2697 654 2781 illa,
679 2718 760 2791 quae
781 2696 888 2791 longe
900 2715 975 2768 erat
985 2696 1199 2791 expeditior,
1212 2718 1355 2789 aggeres
1375 2696 1543 2789 paulatim
1565 2696 1764 2782 accederet,

573 2815 614 2866 ac
630 2791 811 2865 occasione
832 2811 1009 2880 uteretur,
1035 2790 1059 2862 fi
1084 2814 1153 2887 qna
1170 2814 1228 2865 eos
1249 2795 1437 2866 invadendi
1452 2812 1662 2867 occurerret.
1695 2791 1766 2865 Hn·

572 2888 695 2985 Jusque
726 2890 914 2962 aciei-cura
927 2888 1125 2961 ferdinando
1147 2888 1293 2959 Toletano
1312 2888 1505 2977 commissa,
1532 2914 1572 2962 ac
1589 2888 1766 2985 sclopetta·

574 2983 708 3058 riorum
722 2982 837 3076 dextri
858 2987 972 3057 lateris
999 2984 1118 3079 (quod
1149 2988 1184 3057 in
1212 2982 1313 3056 simili
1342 2985 1522 3059 occasione
1545 2988 1667 3082 appeti
1692 2976 1768 3059 edn-

572 3078 708 3155 suetum
725 3103 746 3152 a
763 3080 977 3176 praecipuia)
1002 3082 1124 3153 Aiunzo
1141 3080 1190 3152 iili
1208 3082 1245 3153 de
1274 3080 1405 3170 Zeyua,
1430 3084 1475 3155 de
1494 3084 1593 3178 cujus
1613 3086 1768 3156 adventa

571 3175 689 3272 supra.
739 3176 948 3275 Diposrti&
965 3179 1047 3271 equi
1072 3182 1296 3273 opportune,
1322 3202 1449 3276 nempe
1474 3181 1563 3253 levis
1589 3200 1768 3253 armatura

573 3276 641 3348 tria
657 3274 785 3362 millia,
810 3277 876 3368 qui
886 3277 1006 3371 plures
1028 3275 1063 3347 in
1081 3296 1199 3372 parter
1218 3273 1337 3363 divisi,
1364 3280 1411 3349 ita
1434 3279 1586 3349 utnulla
1606 3281 1769 3350 ducente

573 3378 654 3447 rum
668 3394 847 3445 numerum
864 3370 1071 3457 excederet,
1095 3392 1314 3468 uuaquaeque
1326 3371 1405 3447 suos
1422 3372 1571 3445 habebat
1587 3370 1770 3447 Praefectos

574 3490 658 3541 cum
674 3468 859 3555 mandato,
874 3490 915 3542 ut
929 3468 1006 3540 aliae
1021 3470 1108 3542 alias
1118 3492 1214 3543 certo
1224 3468 1404 3564 interjecto
1421 3471 1603 3544 intervallo
1618 3471 1770 3564 inseque-

573 3583 719 3650 rentur,
743 3568 912 3659 aliterque
934 3562 1006 3637 sese
1032 3586 1103 3638 non
1128 3588 1331 3654 moverent,
1363 3570 1416 3641 ita
1439 3587 1479 3640 ut
1507 3590 1583 3663 *quo
1604 3566 1640 3641 se
1668 3570 1770 3640 modo

603 3662 682 3733 rimi
711 3679 920 3748 moverent,
954 3664 1079 3734 eodem
1113 3666 1215 3735 etiam
1256 3660 1498 3759 subsequentes
1539 3686 1770 3739 moverentur.

575 3684 689 3831 finam
707 3759 860 3852 denique
885 3759 940 3828 hae
958 3778 1075 3852 partes
1100 3759 1289 3833 distributae
1306 3761 1342 3831 in
1359 3764 1440 3834 alias
1457 3760 1612 3853 septem3
1639 3762 1771 3857 quaeita

575 3854 794 3949 coujnnsiae,
817 3852 1031 3929 suumetiam
1047 3856 1223 3929 habebant
1241 3858 1450 3951 peculiarem
1472 3854 1699 3945 Pr'aesediunr,
1717 3857 1771 3931 cni

575 3971 698 4023 omnes
716 3954 859 4025 obedire
881 3953 1074 4042 debebant,
1102 3972 1247 4049 eratque
1261 3956 1445 4028 interillos
1465 3955 1559 4027 idem
1579 3956 1690 4036 ordo,
1716 3954 1772 4049 qui

577 4044 614 4116 in
632 4050 887 4139 peculiaribus,
913 4053 1060 4138 utaliae,
1085 4053 1167 4123 alias
1185 4072 1285 4125 certo
1299 4051 1483 4148 interjesro
1499 4050 1633 4147 spatio,
1658 4054 1772 4149 seque·

578 4161 721 4228 rentur,
747 4145 908 4239 idemque
939 4145 1094 4229 faceret,
1117 4150 1215 4243 quod
1238 4146 1608 4245 fecissetarrecrdens.
1659 4148 1774 4222 Duce

576 4232 640 4308 bat
655 4237 805 4330 primbm
822 4240 870 4315 ita
896 4240 1030 4315 audiam
1055 4264 1192 4337 partem
1220 4244 1364 4339 Joarmts
1397 4246 1542 4340 Baptisia
1573 4250 1624 4319 dei
1643 4250 1771 4332 Monte,

574 4328 759 4407 secundam
782 4335 898 4411 Petrus
924 4334 1074 4437 sufflas,
1100 4362 1243 4418 caeteras
1267 4343 1348 4433 alii,
1368 4362 1594 4442 praeeratque
1617 4346 1771 4513 omnsibus

1703 4462 1776 4536 ape
