3984 5167
376 741 480 819 ¹572·

532 545 613 639 150
669 518 704 631 J.
733 518 780 608 B.
816 536 889 607 nu
925 436 1172 609 nassis
1210 508 1596 607 corruunt.

527 735 583 791 tus
601 710 670 803 esl3
695 711 884 810 posteaque
903 706 1067 786 Gorcum
1084 706 1228 795 delatus,
1239 707 1381 781 tandem
1404 705 1484 801 post
1501 710 1643 805 longam
1661 718 1727 788 ta.

479 876 485 881 .
529 816 727 911 ptivitatem
743 828 887 883 mortem
904 806 1011 879 obiit:
1037 800 1219 879 verisimile
1236 805 1305 891 est,
1330 802 1369 875 dt
1392 804 1544 881 Tantum
1572 810 1608 881 in
1634 810 1728 883 idem

528 910 710 985 discrimen
727 902 899 1000 lapsurum
917 900 1043 987 fuisse,
1073 899 1098 972 s1
1128 902 1176 973 ibi
1194 904 1300 975 etiarn
1318 898 1496 974 mansrss'et.
1548 902 1726 979 Coetertim

530 1030 596 1081 nec
614 1006 797 1098 indignum
812 1002 878 1075 erit
895 1000 979 1073 huic
1003 996 1196 1071 infortunio
1214 998 1386 1073 laudabile
1403 997 1488 1091 quid
1516 998 1559 1072 de
1579 1002 1649 1074 alio
1666 1006 1726 1077 atl·
1767 1078 1769 1081 ,

545 1126 591 1175 un
617 1122 685 1173 ere.

526 1128 541 1201 J
578 1124 729 1272 {XVIL
755 1192 843 1267 Erat
860 1189 1126 1284 tunctemporis
1150 1186 1325 1262 Dordraci
1339 1190 1453 1284 regius
1471 1188 1727 1281 JustitiaePrae·

528 1294 640 1370 setius
665 1290 893 1387 (Escutetum
913 1289 933 1325 ¹⁸
956 1288 1065 1381 vulgo
1083 1282 1236 1377 vocant)
1262 1285 1405 1377 Joanrts
1417 1288 1643 1370 Drincl’toaert
1665 1289 1725 1377 '*,

530 1395 588 1463 vir
604 1413 647 1464 ex
664 1388 851 1483 praecipuls
866 1386 957 1459 illius
975 1382 1137 1456 civitatis.
1187 1380 1263 1453 Hic
1280 1402 1360 1454 cum
1375 1383 1419 1455 ab
1436 1384 1537 1459 initio
1553 1386 1726 1463 adventus

533 1488 730 1590 Quarebbir‘,
757 1485 794 1555 &
829 1478 930 1577 Taffli
943 1478 1162 1574 summopere
1183 1476 1228 1550 ad
1244 1479 1361 1551 omnia
1384 1528 1395 1564 ‚
1437 1502 1519 1573 quae
1536 1502 1589 1555 res
1612 1485 1727 1579 regiae

529 1580 749 1679 spellatent,
771 1575 983 1675 paratumst
1001 1571 1215 1669 praebuisset‚
1241 1576 1394 1669 miraque
1411 1571 1593 1651 sedulitate
1605 1630 1617 1664 ,
1629 1580 1728 1654 &vi-

530 1681 674 1773 gilantia
704 1676 930 1751 rebellionem
964 1671 1025 1745 diu
1055 1690 1216 1747 avertere
1246 1692 1393 1744 conatus
1420 1669 1561 1763 suisset,
1586 1676 1725 1751 taudem

298 1760 304 1767 .
442 1752 460 1775 -.
531 1774 613 1849 dun
628 1774 715 1847 nihil
733 1773 900 1865 amplius,
925 1768 1031 1863 quam
1046 1769 1162 1879 perire
1190 1764 1272 1840 effer
1291 1769 1479 1863 reliquum,
1505 1772 1633 1864 patriass
1660 1792 1726 1867 P0·

529 1873 599 1945 tius
620 1872 741 1943 maluit
756 1863 879 1951 sedes,
904 1887 1008 1961 atque
1020 1886 1156 1948 omma,
1181 1872 1261 1960 quae
1277 1862 1326 1937 ibi
1342 1863 1423 1939 satis
1447 1865 1519 1940 late
1538 1866 1727 1963 poffidebat

529 1969 750 2063 relinquere,
776 1986 818 2036 ac
830 1962 1014 2058 spontanei
1032 1961 1127 2036 exilii
1142 1961 1364 2034 incommoda
1379 1981 1459 2035 cum
1475 1986 1584 2037 uxore
1599 2014 1611 2051 ,
1643 1964 1727 2039 viri·

527 2066 612 2139 liter
628 2062 877 2229 partpasssregias
890 2058 1066 2154 sequendo
1083 2054 1218 2147 subire,
1241 2058 1347 2153 quim
1360 2056 1467 2131 fidem
1483 2082 1562 2135 cum
1580 2061 1725 2158 reliquie

529 2160 646 2233 Princi
674 2160 684 2229 i
767 2178 834 2229 ere.

577 2182 745 2327 xxiiim
783 2248 992 2324 perdifficile
1019 2248 1277 2347 proculdubio
1305 2267 1380 2325 erat
1405 2249 1580 2325 Valeriam
1605 2251 1722 2329 versut

526 2353 673 2425 militem
699 2349 854 2436 vehere,
889 2348 1011 2442 ibique
1035 2347 1157 2441 copias
1186 2366 1381 2443 exponere,
1406 2350 1505 2423 nulla
1532 2351 1622 2423 enim
1649 2368 1722 2425 erat

528 2446 635 2525 claffo
657 2447 701 2521 ad
717 2447 876 2541 praelium
892 2442 1116 2525 construsta,
1143 2462 1211 2536 qua
1228 2444 1318 2517 hosti
1337 2498 1348 2529 ,
1382 2444 1444 2538 qui
1462 2466 1538 2518 eam
1561 2443 1641 2519 satia
1670 2448 1722 2520 in·

526 2542 689 2617 strullam
705 2543 884 2625 habebat,
909 2542 946 2611 in
962 2540 1087 2613 itinere
1101 2541 1239 2611 occurri
1253 2536 1389 2637 posset,
1414 2562 1479 2615 nec
1495 2560 1638 2636 portut‚·
1648 2562 1721 2637 quo

410 2634 412 2639 ’
528 2640 650 2715 secure
676 2642 790 2735 copiae
814 2656 1093 2731 exponerentur,
1116 2630 1196 2708 cum
1219 2660 1339 2710 omnes
1365 2640 1437 2731 ejus
1460 2636 1585 2711 Insulae
1608 2640 1722 2715 aditus

484 3920 488 3925 ·
524 3889 676 3983 fignibus
692 3894 776 3965 viris
792 3890 1029 3973 committere,
1054 3888 1203 3963 saelicem
1219 3887 1407 3966 successum
1425 3891 1558 3964 habuit
1591 3890 1718 4057 Appu-

528 2738 566 2809 in
587 2735 735 2811 hostium
758 2734 928 2831 potestate
951 2730 1088 2821 essent,
1113 2754 1185 2803 uno
1207 2737 1449 2807 tantummodo
1464 2756 1616 2829 excepto
1640 2736 1723 2811 loco

526 2830 767 2917 incustodito,
791 2853 855 2927 pet
889 2851 995 2923 quem
1021 2830 1302 2923 appropinquare
1329 2827 1452 2902 Insulae
1474 2833 1590 2927 aliquo
1614 2832 1722 2909 modo

527 2929 675 3010 licebat,
699 2932 758 3021 qui
772 2925 884 3019 vulgd
899 2944 1045 2999 vocatur
1061 2923 1188 2997 Matiae
1204 2924 1353 3012 Polrler,
1370 2923 1451 3011 sed,
1467 2926 1554 3003 &id
1571 2932 1721 3003 maximo

529 3047 611 3099 cum
636 3025 805 3119 periculo.
831 3020 1007 3110 Quamvis
1032 3020 1126 3094 enim
1155 3020 1270 3097 adhuc
1300 3044 1367 3117 pro
1396 3020 1498 3117 Rege
1521 3022 1624 3097 staret
1645 3025 1719 3097 Arx

526 3118 754 3216 Ramequm,
785 3115 1027 3192 inaccistbilem
1061 3136 1177 3189 tamen
1210 3120 1377 3192 reddebat
1397 3118 1495 3192 illum
1520 3120 1649 3193 aditum
1668 3123 1720 3193 in·

526 3240 671 3291 numera
694 3216 841 3289 hostium
859 3214 985 3301 classrs,
1010 3212 1203 3309 superanda
1220 3216 1445 3287 nihilominus
1472 3240 1572 3290 erant
1589 3220 1715 3291 omnia.

525 3312 648 3409 ltaque
668 3313 847 3387 Frederr‘tus
869 3309 1011 3385 eumad
1028 3332 1103 3381 rem
1120 3312 1240 3385 venire
1256 3314 1381 3395 vellet,
1407 3312 1451 3383 ad
1466 3308 1501 3385 se
1518 3316 1637 3387 venire
1649 3310 1719 3407 jus-

526 3406 570 3482 fis
586 3411 741 3507 quinque
758 3408 826 3481 illis
842 3408 1015 3502 navigiis,
1041 3428 1122 3501 quae
1145 3406 1322 3483 Dordraci
1338 3414 1383 3481 ad
1408 3408 1542 3482 bellum
1557 3406 1720 3483 instrutio

527 3506 697 3596 diximus,
722 3528 869 3600 quorum
897 3502 982 3577 Dux
1008 3525 1083 3577 erat
1107 3501 1275 3576 Zeratlr‘ur
1298 3507 1353 3579 vir
1381 3505 1527 3591 nobilis,
1554 3504 1721 3579 conctus-

527 3625 597 3697 que
612 3624 783 3697 praeterea
808 3598 979 3695 plerisque
1008 3600 1083 3673 aliis
1103 3602 1268 3673 onerariis
1301 3601 1500 3698 quingentis
1522 3600 1718 3697 Hispanis,

525 3701 743 3795 totidemque
755 3696 961 3769 Walonibus
975 3694 1165 3789 impositis,
1189 3696 1354 3771 summam
1371 3699 1627 3795 expeditionem
1639 3700 1720 3771 Surr-

523 3800 569 3867 tr'o
585 3800 712 3869 Daoilu
734 3792 914 3888 Hispano,
939 3814 980 3864 ac
1006 3790 1163 3865 Domino
1185 3794 1223 3865 de
1248 3795 1348 3879 Bria,
1373 3796 1503 3869 virtute
1524 3796 1650 3866 bellica
1671 3796 1721 3865 in-

522 3988 594 4059 lere
611 3988 704 4058 enim
722 3991 756 4060 in
767 3988 896 4061 dictum
908 3986 1038 4073 locum,
1051 3988 1242 4083 eademque
1258 3988 1435 4061 celeritate
1450 3987 1636 4083 adjuvante
1663 4009 1718 4059 or-

522 4084 604 4154 titer
622 4082 809 4175 Beouooſso,
834 4072 994 4178 caesisque
1024 4082 1199 4180 plerisque
1225 4084 1513 4180 Middelburgum
1538 4080 1716 4157 obsidione

520 4176 724 4263 liberatum,
750 4179 956 4274 Ramnlque
973 4200 1116 4275 recepta
1132 4178 1200 4269 est,
1228 4180 1385 4277 nihilque
1404 4184 1439 4253 ln
1453 4178 1571 4255 Insula
1590 4200 1716 4285 excep-

1671 4294 1717 4348 trs

559 4390 576 4426 *
599 4382 744 4453 Schout.
786 4380 929 4453 Praetor.
1077 4383 1123 4429 *¹
1143 4382 1188 4453 V.
1213 4381 1284 4453 Van
1306 4384 1470 4455 neuwen.
1487 4404 1522 4473 p,
1543 4405 1620 4473 939.

1891 1756 1894 1883 l

1892 1964 1894 2031 l
