3984 5167
546 549 627 656 198
684 525 1605 648 tnnrnnssiscommumu.

399 755 508 838 1575.
543 733 648 830 quim
665 728 851 804 necessario
869 725 1017 802 artificio
1038 724 1139 816 usne,
1162 727 1298 800 linerat
1309 726 1354 799 ad
1365 747 1470 800 unam
1483 726 1742 808 ennesii-,iste

542 847 655 944 penes
681 826 847 900 summum
874 825 1051 920 podiorum
1073 835 1137 915 (ut
1168 828 1328 909 vocant)
1358 820 1567 916 Magistrum
1591 827 1742 902 denteri

540 925 654 1022 tuisne,
677 943 743 996 nec
760 923 858 1018 priris
875 918 947 992 suia
959 919 1052 992 tradi
1067 916 1255 1001 conseoiit,
1277 916 1384 1011 quim
1408 919 1453 988 ub
1484 921 1659 1013 aliquibua‘
1674 918 1738 1017 qni

545 1019 579 1094 e'i
609 1018 824 1111 summopere
849 1013 1020 1097 fidebant,
1043 1016 1225 1110 pecuniam
1245 1010 1477 1118 impetraiiet,
1500 1017 1595 1088 unde
1617 1017 1738 1093 neuui-

545 1115 634 1190 iitoti
661 1115 913 1208 aliquantulum
936 1111 1192 1205 provideretur.
1230 1142 1233 1148 ,
1400 1167 1407 1174 .
1440 1114 1445 1154 ³

592 1209 726 1282 xviii.
753 1207 811 1280 Eo
827 1227 916 1281 vero
927 1221 1105 1297 tempore,
1123 1206 1258 1296 aliquot
1271 1205 1427 1299 equitnm
1445 1225 1570 1277 turmae
1593 1207 1643 1281 ob
1663 1230 1737 1284 non

546 1304 658 1379 soluta
672 1300 862 1398 stipendia,
889 1299 1095 1374 seditionem
1118 1321 1188 1371 non
1210 1299 1318 1371 soium
1344 1300 1526 1386 medicari,
1549 1302 1740 1379 sedetiam

543 1404 675 1495 agitare
693 1416 893 1490 coeperunt,
917 1391 1174 1469 confluentibus
1191 1399 1235 1467 ad
1248 1393 1286 1466 id
1301 1393 1432 1468 statuto
1441 1397 1607 1471 intereos
1622 1401 1680 1472 dic
1690 1423 1734 1473 ac
1894 1461 1896 1486 2

542 1500 626 1570 loco
635 1495 714 1589 plus
726 1492 905 1576 trecentis,
918 1494 1013 1586 quod
1025 1489 1105 1561 cium
1119 1491 1243 1564 incolis
1257 1491 1443 1562 maximum
1454 1489 1537 1565 effer
1549 1495 1738 1568 allaturum
1894 1501 1896 1592 i

542 1611 737 1674 terrorem,
754 1589 1015 1680 animorumque
1024 1590 1351 1671 conmutationem,
1366 1588 1461 1658 unde
1474 1590 1583 1660 muita
1597 1593 1664 1662 ulie
1682 1593 1734 1665 iu·
1781 1607 1799 1638 ·
1894 1599 1896 1696 ἦ

540 1683 724 1762 commoda
734 1683 817 1756 oriri
834 1703 908 1756 erat
924 1680 1074 1760 necesse.
1085 1682 1281 1777 imperator
1297 1683 1430 1754 recenti
1445 1683 1539 1753 maio
1548 1705 1736 1764 occurrere
1894 1743 1896 1754 .

539 1784 682 1863 volens,
694 1781 783 1851 inter
793 1780 858 1850 alia
874 1781 942 1850 boc
956 1776 1145 1850 remedium
1155 1777 1334 1864 adhibuit,
1350 1777 1465 1848 utiiiis
1480 1779 1623 1872 impune
1633 1785 1739 1856 omni-

545 1895 717 1951 armorum
733 1895 860 1969 genere
876 1871 938 1947 fibi
948 1872 1161 1966 providere,
1178 1871 1289 1966 iisque
1305 1871 1399 1945 cons.
1415 1867 1596 1948 ,seditiosos
1614 1877 1657 1948 ad
1675 1876 1729 1952 sui

545 1967 778 2044 defensionem
795 1969 848 2040 uti
864 1968 984 2040 liceret
995 2017 1012 2050 ,
1024 1965 1185 2066 negiebio
1202 1969 1321 2038 Adane·
1336 1963 1481 2049 EdiEto,
1504 1991 1577 2063 quo
1592 1993 1728 2045 eontra·

541 2067 632 2139 rium
647 2067 852 2150 cavebatur,
877 2083 917 2132 nt
932 2063 1049 2134 obiata
1064 2060 1269 2146 oceaiione,
1290 2064 1402 2134 minus
1418 2066 1520 2136 novis
1541 2065 1734 2140 rebus-stu·

542 2163 676 2236 derent.
727 2157 840 2246 Quod
863 2157 1065 2249 Requesenm't'
1090 2155 1270 2231 confilium
1302 2179 1372 2229 non
1400 2156 1543 2230 caruisse
1567 2164 1724 2255 periculo

542 2257 699 2329 nonnulli
719 2257 839 2350 postea
852 2253 1073 2347 judicarunt,
1098 2251 1178 2324 citm
1201 2247 1373 2324 constaret
1392 2254 1465 2346 jam
1483 2277 1570 2329 tunc
1585 2256 1632 2329 de
1650 2257 1730 2332 ssei·

541 2373 664 2446 garum
679 2355 714 2423 in
733 2367 870 2422 exteros
888 2345 995 2435 odio,
1019 2352 1115 2442 qood
1131 2346 1234 2420 satius
1254 2345 1366 2419 fuerat
1385 2348 1571 2421 extinxiii'e.
1601 2349 1724 2447 itaque

539 2453 619 2520 baec
643 2446 844 2540 Requesennt't'
862 2443 1093 2538 induigentia,
1117 2462 1246 2534 praeter
1268 2441 1444 2515 audaciam
1466 2444 1553 2517 nibil
1581 2452 1722 2540 genuit,

538 2543 731 2637 efficitque,
751 2537 848 2637 quod
867 2541 1075 2633 expetebat,
1100 2535 1140 2610 dt
1171 2535 1237 2608 ‘am
1262 2539 1377 2610 animo
1401 2547 1723 2636 conceperant,aii·

537 2643 679 2732 quando
695 2634 730 2709 se
772 2633 911 2710 erficere
930 2631 1025 2728 poiie
1045 2653 1142 2707 certo
1163 2561 1350 2726 ilperarent.
1401 2632 1510 2707 Venit
1527 2639 1644 2730 postea
1659 2641 1725 2713 Re·

397 2739 500 2828 ¹57⁶·
536 2738 713 2827 qudmninr
735 2661 955 2815 bruxellam,
980 2730 1041 2800 ubi
1061 2727 1154 2802 febri
1166 2745 1266 2800 acuta
1283 2735 1619 2825 corruptumquinta
1632 2733 1730 2808 Man·
1794 2762 1800 2772 ¹

536 2832 579 2901 tii
606 2849 697 2901 anno
720 2823 898 2898 miliefimo
923 2821 1198 2917 quingentesimo
1228 2823 1480 2918 septuagesimo
1508 2829 1602 2902 sexto
1623 2831 1721 2903 obiit.

537 2921 626 3011 Quo
644 2921 782 2994 tandem
808 2917 886 2992 casu
906 2919 1045 3014 prorsus
1060 2921 1174 2991 omnia
1188 2922 1223 2991 in
1242 2921 1473 3014 praecipitium
1490 2919 1584 2994 abia:
1601 2947 1731 3019 quarn·-

537 3022 592 3093 vis
614 3021 705 3092 enim
735 3018 850 3089 omnia
882 3019 925 3086 ad
958 3016 1183 3112 rebellionem
1207 3013 1286 3087 fatis
1306 3015 1376 3106 jam
1399 3013 1504 3088 effent
1528 3013 1719 3114 disperio,
1764 3035 1770 3051 ¹

532 3109 709 3208 essentque
727 3113 842 3197 multi,
865 3113 925 3205 qui
943 3113 1114 3183 tumuitus
1130 3108 1252 3204 resque
1269 3131 1379 3181 novas
1396 3111 1434 3182 δι
1448 3129 1666 3204 appeterent,
1683 3116 1732 3189 &3

530 3207 664 3283 secreto
681 3208 915 3294 mollirentur,
940 3207 1152 3302 reprimebat
1172 3224 1285 3279 tamen
1308 3224 1431 3278 eorum
1449 3209 1628 3281 audaciam
1654 3208 1721 3281 im·

530 3306 701 3400 peratoris
725 3300 923 3396 praesentia,
943 3323 983 3375 ac
1002 3302 1204 3395 vigilantia,
1222 3325 1293 3398 quo
1307 3298 1605 3398 sublato,tamque
1622 3306 1730 3377 omni-

531 3400 710 3474 obstnculo
732 3417 885 3482 remoto,
908 3399 1079 3493 quidquid
1104 3397 1220 3470 animo
1244 3417 1318 3470 erat
1336 3413 1567 3493 conceptum,
1598 3403 1643 3472 ad
1667 3399 1720 3474 ef·

530 3493 661 3570 sedium
682 3497 729 3569 est
747 3495 964 3588 perductum.

580 3592 721 3665 Accidit
740 3609 896 3684 tempore
911 3591 1113 3684 Requesrnm't‘
1138 3583 1290 3660 Lutetiae
1305 3586 1400 3662 casua
1426 3609 1620 3665 memoratu
1644 3615 1718 3667 non

529 3690 711 3784 indignus:
736 3706 859 3759 contra
876 3683 1045 3772 striciam,
1070 3706 1172 3780 quam
1188 3687 1417 3759 communiter
1437 3685 1534 3758 Gaiii
1551 3685 1719 3780 profiter«

528 3804 586 3861 tur
606 3785 800 3858 libertatem
818 3785 852 3852 in
875 3783 1094 3875 recipiendis.
1108 3778 1420 3874 conversandisque
1434 3783 1471 3853 in
1488 3780 1621 3876 Regno
1629 3784 1717 3857 Gai·

524 3884 584 3954 liae
605 3881 730 3955 exteris
753 3876 998 3971 cujuscumque
1023 3875 1161 3951 sceleris
1180 3877 1387 3970 culpandis;
1412 3875 1565 3968 Venerat
1590 3901 1636 3950 eo
1662 3903 1717 3953 re·

525 3997 653 4072 gnome
671 3977 855 4048 etiamnum
873 3973 978 4045 Coroio
986 3972 1133 4061 ,nobilis
1151 3975 1289 4064 quidam
1309 3971 1487 4068 Hispanus
1504 3977 1714 4066 cognomine

524 4073 757 4152 Moderatus,
783 4071 926 4142 crimine
953 4069 1043 4142 laesae
1072 4066 1261 4160 Majestatis
1287 4071 1382 4178 apud
1401 4069 1480 4141 suos
1498 4071 1718 4156 convidins,

520 4169 625 4263 petiit
645 4166 796 4260 Legatos
812 4187 890 4238 etim
907 4163 969 4236 sibi
987 4165 1095 4238 dedi:
1121 4159 1291 4235 conseniit
1314 4165 1460 4246 Carolus,
1484 4163 1713 4260 deditusque,

518 4275 561 4338 a'c
593 4265 628 4333 in
654 4261 813 4357 Belgium
842 4259 989 4353 odius,
1029 4260 1238 4356 Antverpiae
1257 4251 1573 4359 juffu¹1itqunbmui
1592 4264 1732 4358 'capite‘

516 4376 700 4436 truncatus
723 4360 785 4434 est·
994 4396 1014 4408 ··
1107 4433 1113 4446 ‚
1185 4401 1191 4410 ·
1427 4401 1432 4410 ·
1467 4404 1476 4412 ·
1508 4383 1727 4547 dom·
