3984 5167
450 560 454 567 -
542 540 621 637 ψ
680 490 1189 629 J.‘n.-neuassrs·
1218 494 1610 613 COMMENT.

368 705 488 779 unumst
590 696 702 771 xlx.
739 694 921 770 Postremi
937 692 1100 792 Vedigal
1118 716 1249 769 novum
1266 692 1392 769 decimi
1413 696 1570 783 nummi,
1594 688 1742 791 primurn

251 860 259 873 ,
372 781 494 859 veutgal
543 815 639 882 arte,
664 792 782 889 postea
801 796 862 879 vi,
879 796 1038 889 quamvis
1049 792 1172 887 aliqui
1189 790 1305 887 specie
1322 788 1510 865 consensus
1530 788 1627 893 adid
1645 793 1690 893 ab
1706 814 1741 867 a·

373 859 522 999 {gfd‘ffl},
543 891 698 986 liquibus
724 890 903 963 ordinibus
927 887 1075 986 praestiti
1092 910 1107 974 ’,’
1126 890 1305 984 imponere
1331 890 1458 961 voluit.
1507 888 1609 983 Qum
1620 890 1741 961 omnia

371 978 486 1095 mirus
546 1006 679 1061 tanturn
693 988 745 1060 illi
764 991 1016 1082 apud-omnes,
1038 985 1156 1058 odium
1173 979 1605 1077 warnestunensis
1615 987 1741 1070 venii,

370 1081 501 1173 'graviter
546 1106 649 1177 quarn
670 1082 772 1165 Rex,
796 1085 957 1155 omnibus
972 1085 1090 1176 aliquo
1109 1082 1218 1155 modo
1235 1083 1415 1176 culpandis
1440 1080 1683 1179 elargiebatur,
1703 1082 1741 1156 δι

376 1186 516 1231 cmm·
548 1202 654 1272 quam
671 1177 818 1249 Albanus
836 1177 907 1274 ipse
925 1178 1069 1272 publice
1085 1176 1210 1271 magnai
1228 1177 1361 1272 pompa
1379 1177 1583 1271 Antverpiae
1605 1174 1640 1246 in
1661 1176 1744 1251 soro

378 1264 437 1311 W·
547 1274 714 1373 vigesimi
737 1273 833 1348 serti
846 1276 902 1347 die
920 1272 1042 1345 menfis
1059 1272 1145 1365 Julii
1158 1289 1258 1345 annu
1276 1270 1525 1368 septuagefimo
1548 1274 1744 1367 promulga-

394 1344 497 1452 ¹57,⁰{
550 1371 632 1453 bat,
658 1374 720 1442 vix
744 1370 889 1465 quisque
915 1370 1091 1452 extiterit,
1124 1370 1186 1461 qui
1207 1368 1494 1463 gubernationem
1522 1364 1746 1462 Hispanicum

382 1442 524 1555 N⁶⁸²¹5²‘.‚
551 1468 694 1539 omnino
708 1487 780 1538 non
804 1468 1019 1539 abhorreret.
1070 1460 1283 1557 Negledum
1308 1466 1411 1537 etiam
1440 1464 1508 1535 suit
1530 1462 1678 1546 maxime
1704 1482 1747 1536 ex

375 1532 511 1667 m?
551 1581 650 1658 parte
676 1562 795 1634 Albani
819 1566 856 1633 in
878 1555 950 1633 iilis
971 1561 1061 1634 locis
1085 1560 1302 1641 muniendis,
1328 1583 1370 1633 ac
1391 1558 1644 1645 custodiendis,
1670 1576 1748 1655 quae

381 1686 504 1750 spperm·
552 1682 632 1731 cum
652 1661 768 1729 omnia
792 1659 894 1729 armis
921 1654 1393 1744 conservarecunstituiiiet,
1419 1654 1526 1730 essent
1555 1654 1750 1729 necessaria.

379 1772 417 1811 m
436 1751 469 1808 aa
552 1755 669 1848 Atque
683 1755 753 1825 hoc
769 1755 804 1823 in
826 1753 948 1846 primis
967 1756 1114 1837 mirum,
1142 1751 1238 1845 quod
1254 1771 1371 1825 tantus
1390 1753 1495 1834 Dux,
1522 1776 1597 1825 cum
1615 1748 1783 1825 virson·
1910 1738 1912 1761 ¹

382 1828 489 1965 ξζζῧι
553 1871 633 1944 ga,
658 1846 808 1943 quaeest
829 1851 867 1920 in
889 1849 1042 1920 extremit
1063 1848 1125 1919 ori
1140 1847 1319 1929 Valeriae,
1346 1848 1555 1943 †praecipue
1575 1847 1751 1921 Zelandiae

382 1986 494 2045 „·„·1„„
551 1944 729 2042 oppidum
745 1946 827 2036 quia
845 1945 984 2015 maximi
1005 1962 1077 2017 erat
1096 1945 1281 2029 momenti,
1303 1962 1419 2020 arcem
1440 1965 1599 2017 extruere
1628 1942 1748 2039 coep'isl

245 2084 254 2100 ·
382 2062 496 2137 prome
554 2039 623 2121 set,
648 2037 996 2134 illamimperseiiam
1018 2041 1217 2133 reliquerit,
1244 2039 1466 2135 quodetiam
1495 2062 1608 2113 arcem
1634 2037 1750 2112 Groee

330 2192 336 2199 .
381 2141 448 2200 etas.
556 2139 673 2227 ningae
700 2137 886 2229 incoeptam
911 2155 983 2209 non
1001 2134 1124 2229 perlici
1139 2138 1330 2219 curaverit,
1356 2138 1455 2232 qud‘rl
1474 2138 1559 2210 duas
1577 2146 1751 2232 praeterea

556 2229 793 2325 Hispanorum
811 2231 993 2314 cohortes,
1021 2247 1100 2326 quae
1123 2231 1359 2327 Brilae'(quae
1381 2231 1431 2304 est
1454 2224 1621 2324 Vornoei
1647 2230 1749 2303 Hel,

554 2330 682 2403 landiae
698 2326 814 2425 insulae
835 2330 1007 2422 oppidum
1035 2330 1078 2399 ad
1099 2327 1225 2401 ostium
1252 2328 1365 2401 Mosae
1381 2326 1518 2421 litum)
1534 2319 1571 2401 iil
1588 2324 1750 2423 pracsidio

555 2440 674 2507 erant,
699 2422 903 2518 Trajeiium
920 2422 1086 2509 inferius,
1112 2425 1200 2497 citra
1229 2434 1368 2499 omnem
1391 2425 1617 2513 necessitatem
1637 2438 1750 2499 trans·

553 2518 639 2593 serti
656 2516 874 2593 consenserit
925 2518 1022 2592 Deni
1049 2544 1114 2605 ue,
1144 2524 1238 2614 quod
1263 2520 1435 2615 aliquibus
1461 2520 1570 2617 usque
1595 2520 1686 2606 lide,
1710 2520 1749 2595 dc

553 2618 704 2689 ueritate
719 2617 863 2709 integris
884 2617 989 2703 viris,
1059 2614 1184 2710 ispanis
1212 2618 1340 2704 etiam,
1365 2618 1425 2710 qui
1444 2619 1505 2691 diu
1521 2638 1634 2705 antea,
1647 2635 1751 2712 quant

554 2712 641 2784 novi
658 2726 772 2785 motus
791 2712 1013 2798 acciderent,
1037 2716 1136 2785 illurn
1155 2715 1200 2788 de
1215 2714 1385 2799 omnibus,
1397 2734 1475 2810 quet
1492 2715 1650 2787 Auream
1667 2708 1751 2808 ejus·

553 2822 625 2903 que
639 2804 802 2902 sequaces
820 2810 1046 2896 molirentur,
1070 2807 1196 2902 saepius
1207 2813 1391 2897 certiorem
1407 2809 1642 2897 reddiderant,
1649 2808 1753 2885 fidem

556 2922 631 2976 non
649 2904 866 2991 adhibuerit,
892 2926 972 2978 cum
989 2906 1146 2999 alioquin
1166 2906 1270 2981 facile
1288 2905 1453 3002 potuisset
1470 2902 1653 2979 immensas
1664 2908 1752 2982 cala·

557 2997 696 3071 mitates
705 3049 717 3084 ,
737 3014 816 3092 quae
833 2997 954 3094 postea
970 2999 1167 3075 consecutae
1190 3001 1287 3091 sunt,
1306 3006 1448 3076 evitare.
1484 3000 1570 3075 Non
1586 3004 1677 3078 enim
1693 3004 1755 3073 du·

556 3092 710 3182 bitatur,
735 3094 822 3188 quin
839 3094 1052 3169 conservatis
1077 3096 1164 3171 locis
1188 3098 1386 3186 maritimis,
1414 3100 1452 3173 &
1468 3100 1639 3195 portibus,
1652 3100 1754 3193 quid·

489 3193 493 3201 '
558 3190 648 3286 quid
666 3192 703 3261 in
721 3189 982 3266 mediterraneis
1004 3194 1091 3266 locis
1106 3191 1221 3267 suisset
1238 3197 1465 3289 intentatum,
1486 3196 1755 3269 illisremetlium

559 3286 718 3361 adhiberi
772 3284 929 3377 otuilset,
956 3290 1144 3362 dummodo
1169 3293 1271 3384 maris
1291 3290 1497 3383 Dominiffum
1522 3294 1753 3379 retinereturi

391 3384 517 3481 mosot
559 3382 630 3456 stne
650 3400 721 3477 quo
737 3309 817 3457 dtis
834 3383 1110 3458 animadversum
1127 3387 1272 3481 postea,
1298 3390 1402 3487 quim
1425 3386 1563 3461 difficile
1586 3384 1629 3463 stt
1653 3408 1756 3463 caete·

390 3468 506 3527 ΜΝ
560 3492 615 3551 ras
631 3477 743 3572 Belgii
760 3476 963 3554 Provincias
992 3488 1101 3577 (quas
1120 3501 1214 3555 mate
1240 3507 1311 3557 non
1329 3485 1450 3571 alluit,
1476 3486 1617 3558 omnino
1640 3500 1754 3559 tamen
1829 3520 1831 3527 ⁴

390 3541 535 3686 :ssffl'
559 3576 661 3648 lucro
688 3576 844 3658 deditas,
869 3594 942 3670 quo
968 3578 1152 3653 deficiente
1179 3580 1279 3652 maris
1304 3583 1516 3656 commercio
1544 3580 1753 3676 privantur)

388 3698 505 3779 mum,
559 3668 594 3745 ln
618 3670 736 3744 officio
751 3674 933 3745 contineri.
1073 3716 1079 3727 ·
1219 3720 1228 3728 ··
1387 3694 1402 3727 ὐ
1747 3722 1751 3731 -

562 3781 566 3789 ’
608 3768 685 3843 XX.
710 3767 814 3840 Stetit
831 3768 1056 3860 nihilominus
1077 3771 1605 3869 albansperjaliquodtenpus
1629 3776 1756 3867 suppli·

558 3866 639 3947 ciis,
664 3863 836 3960 armisque
856 3864 1041 3939 instaurata
1060 3867 1288 3955 obedientius¹
1303 3869 1589 3964 “Dumquehlcd
1617 3872 1664 3944 ud
1685 3870 1759 3941 [sel-

604 3984 621 4030 s
647 3958 754 4034 status
773 4011 784 4046 ,
820 3963 1005 4059 quietaque
1029 3892 1759 4064 omnia3’ueltlt1duil'dribusiipiscopo

604 4055 840 4143 onasterienli,
865 4082 931 4133 nec
948 4079 1019 4132 non
1033 4061 1165 4134 ordinis
1192 4059 1440 4155 Divlf'joannrr
1456 4084 1520 4159 per
1537 4061 1760 4140 Germaniam

559 4148 743 4248 magistro,
766 4153 1029 4252 Noviomagum
1048 4210 1060 4247 ,
1082 4160 1181 4254 quod
1202 4156 1434 4237 surrectus
1454 4159 1761 4331 -Geldriaeadyla-

1488 4288 1491 4307 ·
1700 4282 1759 4332 ars

537 4380 544 4385 ·
598 4356 804 4445 ivalerlae,
826 4360 865 4429 id
889 4356 1199 4448 est,‘Walai·irriae.
1220 4342 1448 4451 (Wulelrertni
1489 4398 1491 4405 v
1531 4368 1724 4442 sVoorne.
