3984 5167
557 500 647 615 376
703 493 737 604 J.
766 494 814 584 Β.
841 516 915 581 mu
949 490 1198 589 Tussis
1233 485 1632 589 COMMEMT.

406 720 513 798 3579,
562 732 585 769 ‚,
610 685 715 761 hosce
736 688 926 762 turnultus:
951 687 1054 761 novis
1073 710 1190 762 autem
1205 688 1436 783 vestigalibus
1452 709 1559 785 atque
1575 684 1760 784 impolitio-

399 810 402 816 ¹
468 781 473 789 '
563 829 586 865 ,,
613 786 731 870 nibus,
756 785 885 879 absque
907 780 1016 878 Regis
1041 789 1252 859 authoritate
1276 808 1419 859 eatenus
1452 810 1522 882 per
1549 788 1617 859 hos
1648 806 1764 861 motus
1871 837 1872 840 π

517 881 532 911 ¹
565 924 589 964 n
608 884 658 955 -de
690 880 784 953 faiio
797 878 980 964 institutis,
1007 878 1119 959 statim
1137 882 1327 955 cellaturis.
1871 887 1872 890 ’

613 1020 636 1054 η
662 975 788 1051 exul.
814 976 865 1047 Et
882 998 926 1047 ne
945 1000 1016 1071 qua
1044 976 1169 1061 semina
1179 979 1449 1053 altercationum
1465 1000 1526 1055 aut
1537 977 1763 1074 querelarum

564 1115 588 1151 η
614 1075 869 1167 relinquantur,
896 1074 1272 1264 omnefflclefiastici,
1297 1099 1459 1149 necnon
1482 1074 1762 1149 omnessaecula·

562 1212 589 1247 n
615 1194 690 1255 tes,
716 1170 967 1242 tamextranei
1063 1196 1095 1241 tn
1122 1175 1291 1256 intranei,
1326 1175 1586 1267 recuperabunt
1613 1170 1762 1266 pacifice
1870 1199 1872 1271 ς

534 1320 539 1337 ,
563 1308 591 1343 .„
616 1267 708 1337 bona
728 1264 786 1339 sua
804 1264 981 1338 saecularia
1004 1270 1040 1341 δι
1059 1266 1281 1342 ecclefiastiea
1299 1268 1518 1363 respeiiive,
1543 1268 1688 1341 mobilia
1705 1285 1802 1342 αδ.
1871 1279 1872 1318 ³

568 1403 592 1438 η
619 1364 746 1451 tantia,
771 1362 808 1434 &
826 1364 941 1433 omnia
958 1361 1166 1451 immobilia,
1191 1365 1334 1450 titulos,
1359 1366 1502 1451 debita,
1528 1366 1565 1438 δι
1589 1362 1762 1451 aeliotes,

567 1499 592 1537 η
617 1457 724 1551 iisque
750 1458 862 1531 statim
878 1460 930 1529 uti
948 1481 990 1531 ac
1008 1458 1078 1533 frui
1093 1482 1280 1553 poterunt,
1306 1464 1343 1533 in
1361 1485 1405 1534 eo
1431 1463 1603 1545 nimirum,
1619 1459 1708 1534 statu
1722 1484 1763 1534 ac
1871 1497 1872 1520 1

568 1596 592 1631 η
619 1557 807 1649 qualitate,
832 1556 960 1649 quibus
980 1556 1276 1652 inpraesentiarum
1294 1556 1355 1628 illa
1373 1558 1446 1653 ipsa
1464 1559 1704 1653 reperientur,
1715 1559 1765 1630 iti·
1871 1627 1872 1638 ,

569 1692 593 1727 η
619 1674 688 1746 que
701 1653 802 1722 omni
820 1654 903 1726 dolo
924 1673 964 1724 ac
983 1652 1106 1728 fraude
1130 1651 1288 1739 semotis,
1314 1653 1562 1729 nonobstante
1586 1656 1656 1725 ulla
1679 1652 1764 1748 Hy·
1871 1649 1872 1736 J

569 1787 594 1823 n
615 1746 888 1843 pothecatione,
914 1770 975 1820 aut
993 1753 1115 1844 quavis
1134 1751 1341 1823 alienatione
1368 1752 1573 1843 b'tempore
1601 1746 1764 1822 Pacifica-

571 1884 595 1919 „
621 1843 727 1917 tionis
761 1840 1002 1918 Gandavenfis
1024 1844 1114 1917 faila
1141 1849 1177 1917 in
1202 1848 1440 1932 contrarium,
1465 1868 1545 1941 quae
1569 1847 1650 1919 verti
1681 1866 1765 1919 ante

571 1978 596 2016 n
622 1934 900 2013 pacificationem
920 1938 1187 2016 Gandavenlem
1214 1942 1437 2033 acciderunt,
1462 1941 1610 2039 ejusdem
1627 1939 1765 2035 dispost-

570 2075 596 2111 η
622 2036 710 2107 tioni
733 2036 981 2130 relinquantur.

621 2174 645 2211 n
672 2129 820 2204 CXLII.
845 2132 1012 2208 Similiter
1029 2160 1171 2230 quoque
1192 2130 1408 2211 subditorum
1423 2132 1572 2232 quilibet
1596 2133 1697 2208 etiam
1711 2156 1763 2208 re·

573 2244 607 2307 ω·
622 2230 910 2323 dintegrabuntur
927 2232 963 2303 in
981 2232 1048 2305 suis
1066 2236 1278 2324 honoribuq‚
1303 2236 1547 2330 dignitatibus,
1572 2230 1765 2316 beneficiis,

573 2368 597 2402 υ
617 2327 883 2422 gubernaculis,
917 2328 1143 2416 muneribus,
1175 2329 1412 2404 funttionibus
1436 2331 1474 2407 δι
1500 2320 1644 2417 officiis',
1668 2332 1766 2423 plane

574 2464 599 2503 η
624 2423 677 2495 uti
697 2440 856 2517 tempore
879 2419 997 2497 Edteli
1009 2430 1171 2521 perpetui
1193 2426 1364 2522 (illisqui
1383 2450 1463 2501 ante
1478 2424 1644 2498 Ediilum
1660 2426 1767 2497 conti·

567 2539 600 2597 ‘n
624 2520 726 2614 gire,
750 2518 899 2614 eiusdem
918 2520 1297 2617 dispofitioniteutlis)
1323 2524 1497 2612 extiterit,
1521 2524 1676 2616 exceptis
1695 2543 1769 2594 tan·

576 2660 600 2695 „
625 2639 698 2689 tum
716 2616 780 2703 iis,
802 2616 933 2712 quibus
961 2640 1084 2691 eontra
1105 2621 1323 2716 libertatem,
1347 2620 1499 2715 juraque
1517 2643 1559 2693 ac
1582 2618 1769 2711 privilegia

576 2757 599 2791 n
625 2710 750 2785 Patriae
773 2712 816 2785 de
844 2716 914 2787 ulla
945 2714 1124 2789 lunstione
1152 2716 1240 2811 pros
1262 2718 1378 2790 eibum
1404 2716 1501 2791 suite
1526 2713 1769 2789 demonstrabi-

575 2807 598 2885 ἠ
624 2831 710 2897 tur,
733 2808 875 2904 proviso
894 2832 1030 2897 tamen,
1055 2816 1149 2908 quod
1172 2743 1336 2908 ejuiinodi
1352 2812 1491 2909 spoliati
1508 2813 1628 2887 denuo
1658 2812 1767 2883 redin-

575 2948 599 2983 η
625 2884 812 2997 t‘egrandi,
837 2909 1045 2980 tenebuntur
1062 2909 1222 3004 praestare
1230 2910 1472 3004 jusjurandum
1486 2910 1590 3005 cujus
1606 2910 1642 2978 in
1653 2908 1767 3002 proxi·

575 3044 599 3079 ,‚
623 3023 683 3072 rno
702 3002 848 3073 articulo
872 3001 911 3072 fit
926 3006 1077 3090 mentio,
1102 3028 1210 3099 prout
1231 3007 1353 3078 faiiuri
1376 3028 1519 3101 quoque
1546 3004 1626 3078 sunt
1654 3002 1768 3077 caeteri

576 3141 600 3176 ‚,
627 3098 671 3169 ad
690 3117 798 3169 novas
823 3096 1016 3172 funftiones
1039 3098 1077 3173 δι
1102 3099 1215 3174 officia
1242 3102 1463 3196 imposterum
1485 3102 1694 3198 cooptandi,
1719 3120 1769 3169 re-

577 3238 602 3273 „
626 3196 809 3279 vocando,
841 3192 1023 3280 celiando,
1058 3196 1095 3268 δι
1127 3199 1338 3272 annullando
1364 3198 1537 3294 quidquid
1575 3196 1768 3271 hincinde

577 3336 601 3370 ‚,
626 3289 768 3373 fastum,
780 3291 977 3377 decretum,
1004 3296 1266 3388 pronuntiatum
1283 3292 1389 3370 fuerit
1404 3297 1440 3367 in
1451 3295 1672 3368 contrarium.

628 3431 650 3463 η
677 3386 840 3459 CXLlIl.
864 3386 967 3459 Nulli
982 3392 1208 3463 admittentur
1228 3393 1272 3464 ad
1289 3394 1360 3465 ulla
1373 3376 1609 3486 gubernacitla
1627 3388 1771 3461 Provin-

579 3528 603 3563 η
628 3487 779 3569 ciarum,
802 3486 1001 3575 civitatum,
1027 3485 1237 3573 castrorum,
1260 3509 1367 3582 atque
1390 3488 1541 3574 arcium,
1567 3488 1770 3581 Capitauea·

579 3624 602 3661 ‚‚
628 3602 683 3653 tus
711 3578 1006 3655 autPraefeiiuras
1034 3585 1204 3672 militurn,
1228 3608 1384 3657 necnon
1410 3587 1455 3656 ad
1473 3581 1629 3657 Consilia
1659 3604 1771 3653 rerum

576 3722 602 3759 n
627 3679 768 3763 Status,
796 3674 994 3765 Privatum,
1019 3678 1353 3767 Financiarum,sub
1368 3682 1586 3775 generalibus
1603 3678 1771 3773 guberna·

577 3817 602 3853 υ
627 3778 715 3850 culis
741 3772 1160 3870 comprehensarum,qui
1177 3777 1279 3851 etiam
1298 3800 1379 3851 ante
1395 3778 1656 3871 receptionem,
1681 3777 1770 3845 ultra

578 3876 767 3968 „antiqua
802 3873 838 3947 ὅ(
878 3872 1040 3947 consueta
1073 3873 1288 3967 juramenta,
1325 3870 1418 3967 Regi
1444 3894 1620 3966 tamquam
1651 3892 1768 3945 eorum

579 4009 603 4045 n
628 3968 782 4063 Principi
808 3972 955 4043 naturali
986 3968 1151 4065 praestate
1183 3966 1305 4054 solita,
1338 3972 1375 4042 in
1404 3974 1468 4042 hos
1494 3971 1658 4042 articulos
1681 3966 1772 4058 Regi

579 4102 603 4138 n
630 4064 868 4137 &Ordinibus
886 4064 1085 4140 solemniter
1103 4066 1289 4160 jurabunt,
1314 4064 1441 4161 eosque
1465 4067 1668 4160 promittent
1686 4060 1769 4132 fide·

581 4199 605 4234 n
631 4160 709 4231 liter
726 4160 925 4257 brucereque
951 4164 1090 4237 servare
1117 4160 1181 4236 sub
1208 4164 1315 4259 poenai
1337 4162 1504 4259 perjurii,
1533 4159 1573 4235 ἃ
1600 4178 1774 4253 tamquam

571 4290 605 4333 ,a
632 4256 716 4327 tales
738 4260 913 4347 puniendi.

629 4391 653 4430 a,
680 4348 842 4451 CXLIV.
867 4354 1010 4455 captiti
1027 4356 1205 4455 utriusque
1226 4356 1337 4457 partie
1354 4378 1497 4452 omnes,
1523 4353 1648 4452 qui'ob
1667 4350 1774 4520 diilqe

1271 4462 1275 4471 ’
1607 4494 1630 4531 η
1652 4470 1746 4523 [mnu
1759 4486 1778 4502 ·
