3984 5167
565 566 647 658 442
704 538 738 646 J.
767 535 813 625 B.
842 556 916 622 nt
951 524 1630 622 TASSISCOMMENT.

419 744 524 831 1584.
566 730 706 815 statuit,
729 747 874 821 cumque
906 726 942 797 in
972 720 1078 796 finem
1100 722 1137 794 in
1161 718 1389 794 Hollandiam
1414 718 1622 814 prostitue,
1658 742 1761 801 tanta

569 850 641 903 arte
659 849 700 898 ac
719 822 903 917 sagacitate
915 816 1005 892 'usus
1023 817 1090 902 est,
1116 838 1155 891 ιιι
1178 817 1303 908 Delphir'
1327 819 1415 889 eitra
1432 839 1569 896 omnem
1589 817 1759 915 suspicio·

572 942 742 997 memnon
759 916 868 989 solum
884 914 989 997 suerit
1014 910 1172 987 admissus
1181 962 1194 996 ‚
1211 911 1268 984 sed
1285 913 1332 983 ita
1348 910 1513 1019 paulatim
1529 913 1664 986 Aurur'ti
1678 940 1763 1011 gra-

572 1022 653 1091 tiam
675 1018 840 1109 adeptus,
858 1031 897 1083 ut
913 1010 955 1081 ab
972 1032 1016 1081 eo
1034 1029 1206 1103 tamquam
1236 1028 1280 1079 ex
1307 1006 1384 1079 fidia
1404 1005 1471 1079 suis
1487 1011 1524 1080 in
1540 1008 1694 1083 Galliam
1713 1014 1764 1086 ad

572 1114 825 1207 Andegooensem
845 1108 891 1179 ob
911 1107 1071 1199 quaedam
1089 1101 1174 1176 seria
1191 1101 1250 1175 sua
1265 1106 1405 1198 negotia
1420 1106 1626 1179 mitteretur.
1651 1106 1765 1183 Unde

573 1205 759 1291 reversus,
790 1203 969 1276 inveniens
995 1202 1169 1273 Auraicum
1194 1198 1330 1272 decima
1355 1198 1441 1291 Julii
1462 1222 1555 1272 anno
1581 1201 1764 1279 millesimo

574 1298 850 1399 quingentesimo
870 1292 1099 1389 oduagessmo
1124 1314 1248 1391 quarto
1266 1293 1286 1367 ι
1302 1294 1449 1389 prandio
1462 1298 1689 1373 transeuntem
1711 1324 1769 1373 ex·

574 1422 647 1472 uno
668 1394 831 1471 cubiculo
847 1397 883 1465 in
902 1395 1073 1472 alterum,
1097 1413 1166 1462 tam
1182 1390 1421 1464 diffimulanter
1448 1391 1644 1489 sclopetum
1670 1397 1763 1471 binis

601 1493 731 1568 lobulis
752 1513 917 1563 armatum
945 1488 1088 1581 corpori
1112 1486 1184 1579 ejus
1213 1486 1370 1559 adactum
1392 1484 1577 1581 displosit„
1595 1513 1636 1565 ut
1656 1496 1760 1567 mori.

577 1520 713 1683 bandus
730 1588 941 1668 conciderit,
959 1582 1144 1675 subitoque
1168 1583 1343 1676 expirarir.
1393 1582 1607 1658 Succefferat
1618 1609 1765 1681 praeter·

578 1684 716 1781 eapost
733 1682 867 1757 facinus
888 1697 1126 1775 perpetratum
1149 1696 1225 1751 tuto
1242 1679 1446 1751 eum'domo
1467 1682 1562 1756 exire
1577 1705 1618 1757 ac
1637 1686 1768 1759 moeuia

577 1782 765 1875 attingere,
790 1776 847 1851 sed
870 1797 967 1848 tanta
989 1794 1064 1847 erat
1087 1776 1276 1846 multitudo
1295 1773 1598 1869 prosequentium,
1622 1799 1663 1849 ut
1687 1802 1773 1854 nott

578 1874 685 1947 suerit
702 1895 827 1969 potens
842 1872 932 1943 ultra
948 1868 1136 1964 progredi,
1162 1891 1203 1941 ac
1223 1866 1306 1963 fuga
1322 1868 1462 1943 salutem
1470 1892 1628 1963 quaerere.
1652 1872 1769 1947 Cum-

579 1994 649 2065 que
667 1967 1010 2065 apprehenderetur,
1037 1986 1108 2035 uon
1126 1966 1234 2056 magis
1250 1963 1283 2036 se
1300 1968 1492 2039 commovit
1511 1989 1610 2060 quam
1628 1964 1655 2038 ii
1675 1970 1770 2044 nibil

580 2064 800 2160 deliquisset.
825 2060 949 2155 dusius
969 2059 1090 2154 postea
1117 2060 1162 2131 ad
1185 2058 1415 2154 supplicium,
1441 2062 1538 2155 quod
1559 2061 1702 2137 diverfis
1723 2088 1769 2140 ac

581 2158 755 2257 exquisitis
771 2156 904 2241 modis,
928 2155 1139 2249 immanique
1161 2176 1201 2227 ac
1215 2154 1363 2227 barbara
1379 2156 1582 2229 crudelitate
1594 2180 1656 2253 per
1672 2181 1774 2234 cotn-

582 2260 700 2351 plures
723 2256 795 2327 dies
822 2250 918 2347 (quo
944 2250 1106 2323 tarditate
1131 2254 1303 2323 cruciatus
1329 2253 1537 2347 augeretur)
1569 2254 1613 2327 de
1638 2278 1681 2328 eo
1702 2252 1774 2331 fuit

583 2352 778 2447 sumptum,
803 2367 898 2420 tanta
926 2346 1033 2418 animi
1058 2346 1175 2439 quiete
1204 2344 1242 2418 dt
1277 2345 1487 2432 constantia,
1512 2350 1633 2423 vultus
1649 2348 1774 2425 sereni·

495 2490 500 2505 ι
585 2469 681 2536 tate,
707 2466 857 2539 ergaque
878 2440 995 2514 Deum
1007 2438 1134 2512 affectu
1150 2440 1194 2512 ad
1208 2441 1310 2513 finem
1329 2442 1436 2537 usque
1452 2446 1591 2546 populo
1610 2444 1680 2519 sese
1696 2446 1780 2542 spe·

588 2544 749 2616 blandum
768 2540 941 2636 praebuit,
960 2556 1001 2608 ut
1015 2533 1178 2629 ipsosmet
1195 2556 1420 2625 executores,
1440 2558 1620 2634 totamque
1636 2544 1778 2617 turbam·

588 2664 628 2715 ac
653 2637 909 2711 multitudinem
934 2632 1226 2705 circumstantium
1250 2634 1492 2708 haereticorum
1503 2684 1518 2721 ‚
1540 2635 1581 2707 in
1608 2634 1775 2713 summam

589 2736 851 2809 admirationem
868 2752 908 2801 ac
924 2728 1099 2823 stuporem
1116 2726 1313 2822 conjecerit.
1657 2796 1668 2813 ,

415 2828 520 2889 *Che
635 2822 787 2901 ¹llllVll.
814 2826 999 2897 Acciderat
1023 2844 1308 2916 praetereaantea
1333 2824 1417 2895 alius
1433 2820 1550 2911 casus,
1576 2848 1679 2920 quem
1695 2852 1778 2903 cou-

416 2922 495 2999 ΜΨ·
590 2924 679 2998 sultd
698 2924 826 2994 tardius
843 2942 960 3015 pono,
978 2939 1017 2991 ut
1027 2920 1193 3015 deinceps
1210 2916 1281 2989 line
1293 2921 1549 3013 interruptione
1564 2926 1784 3020 praecipuam

417 2983 553 3053 ΗΜ
591 3023 692 3113 hujus
708 3016 788 3089 libri
807 3018 981 3087 materiam
997 3036 1161 3087 enarrem.
1211 3011 1313 3086 Obiit
1332 3014 1435 3106 Castro
1456 3014 1531 3109 Tyri
1547 3016 1782 3093 'Dexame-

420 3106 520 3195 obitus
591 3110 733 3211 gournsts
749 3112 881 3183 decima
899 3106 1011 3199 Junii,
1034 3106 1171 3205 fuitque
1193 3133 1287 3183 mors
1314 3110 1373 3181 illa
1393 3133 1500 3181 unum
1525 3132 1569 3184 ex
1594 3116 1788 3189 accidenti·

419 3185 546 3319 2:254,
594 3216 686 3297 bus,
712 3229 789 3301 quae
815 3200 953 3295 Guiſsum
978 3223 1077 3275 extra
1103 3224 1226 3279 metam
1269 3206 1396 3299 quietis
1432 3208 1570 3279 trahere
1603 3231 1779 3301 poteraut.

420 3275 526 3405 „pfl
596 3306 683 3381 Erat
702 3307 793 3377 enim
812 3300 859 3371 ob
878 3301 1021 3372 eandem
1040 3320 1187 3373 mortem
1210 3301 1383 3386 Herricus,
1401 3302 1560 3375 Naoorrae
1579 3300 1657 3378 Rex
1675 3310 1785 3379 haere·

420 3415 490 3474 uno
596 3407 708 3484 ricus,
734 3399 864 3495 primus
885 3391 1053 3489 Princeps
1062 3392 1211 3479 Galliae,
1236 3418 1277 3467 ac
1294 3394 1410 3489 Regni
1429 3396 1537 3478 haeres
1554 3400 1792 3488 necessarius,

422 3493 501 3569 ngat
597 3498 621 3569 fi
644 3494 777 3587 Regem
798 3488 927 3584 absque
944 3492 1064 3562 liberis
1079 3491 1247 3564 decedere
1267 3494 1507 3585 contingeret,
1524 3516 1673 3588 quorum
1690 3502 1788 3573 nulla

422 3561 555 3707 mes}
595 3596 665 3689 jam
677 3610 749 3662 erat
770 3586 868 3679 spes,
889 3608 953 3658 nec
969 3588 1073 3659 etiam
1091 3587 1137 3659 ob
1153 3606 1331 3658 enervatas
1347 3588 1611 3680 corporisuires
1622 3595 1795 3687 longeva*

422 3659 540 3783 Bm?
600 3708 683 3761 vttae
699 3684 836 3757 iudicia.
862 3680 912 3753 Et
931 3684 1091 3775 quamvis
1107 3682 1205 3753 aliter
1224 3682 1364 3755 evenire
1385 3680 1517 3777 posset,
1537 3683 1658 3761 summi
1670 3708 1787 3763 tamen

423 3820 477 3861 nus
491 3802 568 3859 aare·
600 3782 855 3857 existimabatur
878 3776 971 3871 apud
992 3774 1111 3869 Gut'stos
1134 3775 1172 3849 dt
1193 3777 1361 3872 plurimos
1382 3778 1588 3855 Catholicoa
1611 3788 1789 3878 periculi,

424 3885 507 4015 {iffi-
602 3879 698 3975 quod
719 3874 879 3950 succeilio
893 3874 953 3945 illa
966 3872 1038 3967 jam
1056 3874 1098 3944 ad
1117 3871 1317 3946 haereticum
1332 3875 1488 3969 legitimo
1504 3879 1608 3953 titulo
1630 3878 1708 3953 esset
1721 3882 1789 3957 de·

424 4035 545 4091 uitetur

424 4196 563 4259 utumque
603 4160 726 4257 quinst
746 4164 915 4235 Nauarrus
940 4160 1117 4253 aliquanto
1143 4178 1300 4254 tempore
1320 4161 1466 4255 pacifice
1490 4164 1543 4236 uti
1569 4162 1677 4261 posset
1690 4188 1791 4263 prae·

425 4272 507 4331 noto
601 4260 757 4354 rogativa
782 4256 840 4329 illa
866 4278 970 4353 quarn
997 4275 1108 4329 morte
1132 4254 1368 4353 Andagauensts
1389 4258 1616 4353 acquisierat,
1647 4280 1788 4337 tanum
1879 4273 1882 4348 ι

601 3980 732 4048 voluta.
783 3966 915 4065 Estque
941 3970 1029 4041 adeo
1054 3968 1173 4042 tritum
1200 3969 1295 4041 omni
1317 3991 1377 4042 ore
1399 3976 1651 4064 proverbium,
1680 3980 1791 4069 magis
1881 4021 1882 4032 ,

301 4092 304 4099 ’
425 4104 556 4183 cufim,
601 4073 726 4142 adorari
744 4066 842 4143 Solem
862 4068 1008 4137 orientem
1030 4086 1123 4156 quam
1144 4065 1348 4149 occidentem,
1382 4088 1423 4139 ut
1447 4089 1519 4141 non
1545 4071 1761 4145 dubitaretur
1776 4123 1799 4157 ,.
1881 4083 1882 4150 ξ

425 4352 524 4441 aaaron
539 4342 569 4402 tn
600 4354 876 4435 Catholicorum.
888 4374 1070 4431 nummum
1090 4352 1135 4429 ad
1152 4350 1187 4429 se
1207 4348 1585 4451 circumducunt
1599 4357 1789 4437 intantum
1881 4423 1882 4428 ι

426 4428 549 4491 demta.

1690 4451 1797 4550 nen

1865 4819 1883 4999 ι
