3984 5167
365 537 661 638 LIB'E'R
700 532 752 630 ¹'S
780 535 967 632 E·C.U
995 532 1042 624 N
1069 533 1116 624 D
1145 532 1191 626 U
1219 530 1264 626 S.
1341 538 1422 646 189

217 733 410 803 armaturae
430 735 559 788 turmas
584 763 738 788 .....
761 711 824 786 sab
841 713 901 786 suo
922 733 1096 806 quamque
1108 709 1217 793 duce,
1232 707 1320 780 inter
1330 729 1420 802 quot
1465 735 1570 808 1574

217 833 324 884 eraut
345 812 515 904 praecipui
534 811 730 882 Bernardi'os
745 833 766 880 a
784 811 942 902 iliodopa
969 809 1007 882 δι
1030 807 1173 898 Journet
1202 805 1347 898 Baptista
1369 804 1420 875 des
1608 870 1612 885 ,

219 907 355 978 isonti:
382 929 484 978 unam
497 927 541 980 ex
559 903 746 978 Germanis
761 904 861 976 Duce
881 905 1064 995 Schenquio
1090 901 1196 972 Venit
1209 902 1314 972 etiam
1333 905 1418 974 Buri

221 1004 258 1072 de
282 1001 437 1093 Hiergrt,
466 1006 596 1074 Cornicis
615 1002 854 1072 Bariumoiiiooi
874 997 964 1071 filius
988 1021 1073 1070 natu
1101 998 1231 1094 major,
1257 997 1318 1088 qui
1342 991 1418 1086 post

220 1097 354 1197 obituui
376 1097 502 1168 Comitis
522 1101 746 1190 remigius,
771 1095 947 1182 Geldtiae,
974 1092 1136 1187 tranmue
1161 1091 1330 1164 insulanae
1350 1087 1418 1162 Re·

99 1217 104 1231 ·
216 1193 501 1288 gioni'praeetat,
527 1189 566 1264 ἃ
586 1195 643 1264 cui
687 1191 779 1262 ostea
796 1196 864 1282 jam
881 1213 1030 1264 mortuo
1057 1192 1174 1262 Currite
1188 1190 1225 1260 dr
1244 1189 1276 1257 la
1297 1187 1419 1272 nocie,

217 1289 268 1362 rei
291 1288 426 1362 bellicae
452 1289 557 1360 etiam
582 1289 618 1358 in
686 1288 835 1358 ollandia
852 1309 934 1360 cura
954 1289 1034 1358 data
1055 1285 1133 1373 est,
1157 1287 1213 1356 vir
1242 1279 1342 1356 solidi
1366 1283 1419 1351 in·

99 1438 100 1442 ,
214 1385 338 1480 genii,
363 1405 404 1460 ac
421 1381 563 1456 scientis
581 1384 720 1454 militari
741 1379 903 1476 insignis,
928 1381 1047 1454 aduxit
1072 1405 1114 1454 ue
1141 1380 1329 1468 Neomago
1357 1377 1417 1450 ali·

219 1500 309 1573 quot
330 1479 461 1552 vexilla
480 1478 723 1552 Walonurum.
750 1475 926 1552 Coeteium
943 1404 1123 1567 Boldrsus,
1141 1477 1202 1570 qui
1216 1498 1260 1548 eii
1272 1473 1420 1546 Hollan·

221 1578 302 1658 dia,
323 1569 413 1668 jussu
430 1571 638 1665 Requrseunii
653 1576 758 1648 etiam
777 1572 1007 1659 adventabat,
1026 1573 1159 1645 tardius
1177 1567 1310 1653 adsuit,
1332 1567 1422 1642 sicut
1483 1605 1488 1612 ·

99 1758 101 1766 k
223 1672 330 1744 etiam
347 1670 460 1742 Petrus
479 1669 526 1740 Tu
554 1690 624 1751 tiit,
643 1691 722 1744 cuni
739 1671 861 1744 turmis
879 1671 971 1744 levis
990 1688 1172 1742 armatutae
1186 1666 1342 1762 equitum
1363 1665 1423 1738 tsi·

129 1767 134 1780 '
220 1767 311 1850 bus,
337 1787 422 1860 quas
449 1787 494 1838 eii
542 1765 673 1840 redano
694 1764 853 1858 prasidio
873 1764 1103 1840 adducebat.¹

189 1895 213 1931 r
271 1861 317 1934 V.
343 1859 454 1935 Erant
472 1884 554 1935 cuin
576 1863 735 1936 Ludovico
752 1863 819 1936 tria
847 1861 954 1936 millia
971 1862 1126 2028 equiffum
1144 1858 1424 1948 Germanorum,
1451 1884 1454 1889 ‘

222 1957 384 2054 peditum
398 1954 457 2030 seii
476 1959 600 2046 millia:
624 1959 717 2030 inter
736 1982 797 2032 eos
818 1959 1003 2032 Gallorum
1020 1981 1039 2030 a
1054 1977 1154 2050 iquos
1167 1958 1316 2028 vexilla:
1340 1958 1422 2028 ade-

222 2075 278 2128 rat
301 2052 339 2126 δι
359 2053 409 2126 illi
456 2076 566 2126 oounti
589 2053 737 2147 Georgius
757 2055 925 2126 Palatinus
945 2050 1117 2126 Eieetoris
1136 2050 1253 2124 stater.
1293 2051 1420 2124 Fertur

223 2154 328 2226 etiam
345 2173 389 2224 ex
446 2148 596 2224 ollandiii
610 2149 802 2244 expesialse
824 2153 966 2246 copias,
991 2173 1076 2241 quas
1096 2148 1255 2220 Aoroicus
1271 2145 1420 2222 subfidio

224 2249 361 2321 mittere
384 2245 607 2340 promiserat,
632 2245 690 2320 sed
713 2270 783 2320 iion
803 2250 942 2322 vensis.
992 2243 1080 2320 Erat
1098 2247 1198 2318 locus
1219 2245 1281 2316 ubi
1301 2241 1421 2320 oouse·

156 2341 160 2350 ’
180 2437 184 2443 ¹
223 2346 325 2418 derat
342 2345 386 2418 ad
406 2341 530 2416 iaevuu
546 2337 688 2421 flumine
704 2343 883 2431 munitus,
919 2364 1021 2453 prata
1044 2343 1176 2414 habens
1197 2342 1419 2435 propinqua,

224 2440 374 2534 pedestri
389 2461 519 2533 pugnae
541 2443 786 2515 accommoda:
813 2441 1064 2514 munitionibus
1079 2436 1216 2530 insuper
1235 2436 1351 2530 septa:
1375 2437 1420 2510 ad
1473 2513 1478 2523 ,

222 2539 402 2610 dextetam
425 2531 619 2608 ‘exiliebant
648 2537 766 2629 canipi
791 2539 1014 2625 eminentes,
1048 2534 1261 2626 equestribus
1289 2533 1420 2624 praeliis

209 2631 394 2726 ¹aptissimi.
421 2628 563 2704 Miserat
578 2651 649 2702 uno
665 2650 746 2704 ante
764 2654 914 2725 pugnam
936 2634 993 2704 die
1009 2632 1165 2724 equites,
1189 2633 1251 2722 qui
1276 2629 1312 2701 in
1336 2624 1422 2698 silvii

222 2726 398 2822 {quaeest
411 2725 446 2796 in
466 2727 544 2811 via,
570 2749 640 2820 qua
656 2724 813 2798 Gravani
832 2725 929 2821 itui)
946 2727 1119 2800 latitantes
1140 2749 1183 2799 ex
1206 2723 1336 2797 insidiis
1359 2722 1421 2796 ho·

224 2825 312 2896 ilem
331 2823 527 2901 venientem
544 2822 767 2909 invaderent,
792 2822 980 2919 suspicatus
998 2823 1053 2905 id,
1079 2821 1175 2916 quod
1199 2820 1346 2907 accidit,
1368 2822 1419 2892 ni·
1524 2872 1531 2898 ,

225 2922 371 3002 mutim,
396 2920 491 3014 quod
513 2920 645 2992 Saucius
661 2917 740 2992 suus
762 2921 805 2992 ad
827 2920 1084 3014 explorandum
1107 2921 1283 2993 mitteret:
1313 2913 1419 3012 Regii

224 3016 317 3108 enim
341 3018 521 3091 venientes
544 3017 726 3111 inopinate'
743 3014 876 3102 invasi,
901 3017 1038 3113 regredi
1052 3016 1163 3088 euasti
1180 3015 1268 3097 sunt,
1285 3016 1420 3108 aliquot

224 3133 348 3186 eorum
361 3112 502 3200 amissis,
528 3111 720 3208 captusque
738 3109 950 3187 Ferdlnordiis
967 3117 1072 3187 Ponte
1093 3107 1418 3207 Hispanusnobilis.

221 3209 361 3293 Altera,
387 3231 466 3304 que
491 3211 588 3282 illurn
617 3207 736 3283 secuta
750 3205 824 3295 est,
843 3212 951 3298 luce„
969 3233 1050 3305 quie
1072 3205 1141 3282 suit
1159 3209 1295 3281 decima
1318 3209 1424 3292 tertia

222 3307 355 3402 Aprilis
379 3305 461 3378 anni
485 3303 653 3380 millesimi
679 3359 690 3393 ,
727 3304 994 3400 quingentesimi
1018 3301 1254 3399 septuagesimi
1277 3303 1423 3394 quarti,
1463 3359 1467 3366 .

224 3401 358 3474 Saucius
378 3399 511 3474 summo
529 3425 629 3474 mane
647 3404 838 3478 exercitum
854 3401 989 3476 liostern
1005 3398 1124 3473 versus
1140 3400 1269 3471 movit:
1292 3398 1421 3470 milite·

223 3517 296 3589 que
322 3491 366 3564 ad
383 3518 537 3588 pugnaui
553 3493 900 3595 instruito,primsim
922 3496 1132 3570 munitiones
1148 3515 1212 3588 pet
1234 3515 1417 3586 aggerem,
1451 3467 1588 3622 {252¹sp

149 3621 151 3628 ·
223 3585 355 3687 quiesi
374 3593 418 3662 ad
437 3589 570 3666 Mosam
589 3592 1276 3686 tentare,postea,&iiivadereincoepit.
1304 3588 1416 3682 Quod
1451 3628 1546 3682 sancto

221 3710 303 3762 cuin
320 3687 610 3761 animadverteret
624 3691 824 3774 Ludooitiii,
845 3689 965 3786 resque
980 3689 1032 3766 ibi
1051 3686 1126 3760 suas
1139 3687 1327 3780 periclitati
1343 3708 1416 3760 cer·
1451 3704 1564 3763 viane.
1664 3769 1668 3774 ,

221 3802 344 3864 tieret,
368 3783 413 3854 ad
429 3782 565 3877 equites
579 3781 687 3858 fertur
704 3783 897 3870 advolasse,
923 3784 1132 3880 fortiterque
1143 3785 1346 3874 Scieuqutum
1366 3783 1417 3857 iii·

222 3877 365 3966 vasisse,
383 3881 420 3954 &
435 3875 582 3973 fugasse,
607 3879 770 3952 iuvenisse
790 3884 877 3954 verd
896 3875 956 3954 suo
975 3885 1097 3956 ordine
1116 3899 1244 3952 turmas
1261 3877 1417 3972 equitum

220 3979 310 4052 levis
338 3997 540 4060 armaturae,
565 3997 645 4069 qiiae
674 3997 755 4048 cum
782 3974 961 4049 fortissimi:
989 3979 1027 4049 in
1062 3999 1174 4061 eum,
1207 3973 1419 4069 caeterosque

219 4077 412 4160 irruerent,
437 4073 577 4146 tandem
594 4073 630 4142 in
649 4067 765 4168 sugam
787 4071 985 4166 conjece‘te:
1011 4073 1109 4168 quod
1127 4093 1207 4145 cum
1229 4072 1333 4143 etiam
1357 4096 1419 4166 pe·

210 4171 350 4245 ‘ditibus
368 4173 499 4244 virtute
525 4167 763 4264 Hispanorum
788 4168 988 4259 accidisset,
1012 4169 1126 4244 omnis
1147 4167 1298 4242 Lvdooici
1321 4191 1421 4244 exer·

218 4267 310 4340 citus
328 4265 534 4364 profligatos
552 4263 614 4338 est.

266 4360 331 4437 VI.
356 4364 525 4442 Cecidere
541 4387 586 4466 ex
602 4361 704 4440 vietis
722 4385 825 4535 qugm
848 4363 991 4458 plurimi
1026 4363 1127 4456 ,inter
1144 4385 1234 4442 ouos
1260 4359 1332 4456 ipse
1352 4363 1419 4455 ¹³0<
1495 4438 1500 4450 ¹

803 4479 868 4554 ag
1271 4458 1423 4546 latinus,
