3984 5167
400 446 1306 620 utanasnouuntts.
1395 553 1475 645 19³

268 710 392 796 uerliir
408 711 539 788 summo
557 709 689 795 studim
715 731 874 786 necnon
895 709 1079 802 ¹l'peborri
1104 709 1294 801 saccellum
1319 719 1500 812 cogitare.
1543 738 1647 817 1574.

184 857 198 874 ,
271 817 480 904 oeperunt:
498 809 825 900 communicatoque
837 805 985 879 confilio
1003 825 1085 892 cum
1108 806 1229 893 sociis,
1254 808 1476 905 Imperatorio

233 946 240 967 .
275 925 318 978 ea
342 906 386 976 de
410 925 448 975 re
465 903 648 996 explorata
677 923 816 988 mente,
848 900 929 975 cium
955 924 1079 975 ornnea
1103 924 1176 974 uno
1192 925 1265 984 :ore
1288 909 1475 1003 animoque

276 999 361 1072 huic
389 995 629 1071 deliberationi
652 993 889 1070 alientirenmr
908 1023 924 1078 ‚·
945 999 1106 1072 mauro
1136 998 1156 1038 ³
1185 1011 1231 1070 e'rr
1249 995 1376 1072 familia
1399 1007 1472 1078 Co·

276 1094 399 1168 mitum
425 1089 651 1185 dlffimlrourg
684 1089 839 1164 Eletiori
867 1106 954 1165 tunc
981 1089 1183 1164 Colonienli
1213 1095 1392 1185 negotium
1414 1099 1473 1170 est
1522 1168 1524 1170 ,

182 1220 186 1230 ·
276 1185 513 1268 commissum
534 1181 712 1269 ·Primum‚
737 1205 778 1258 nt
794 1207 838 1260 eu
852 1184 1060 1280 Rrguesrrrur'o
1082 1185 1204 1270 suited,
1227 1189 1328 1260 arrid
1345 1193 1471 1269 volun·
1519 1233 1522 1236 ⁴

277 1305 350 1358 tate
374 1279 634 1373 Regiatentare
653 1283 794 1377 litterar:
818 1283 1075 1373 *exploratoque
1096 1279 1472 1380 ¹ltegr's2artrrro·‚.1rtrt·
1500 1297 1504 1310 '

240 1418 250 1440 ·
276 1377 351 1450 lum
370 1375 475 1448 officii
493 1398 602 1467 genua
625 1375 825 1468 omitteret,
841 1396 919 1466 .qua
933 1377 1065 1469 quieti,
1083 1399 1124 1448 ac
1139 1381 1386 1471 tranquillitati
1404 1402 1470 1474 pu·

276 1471 379 1545 blieae
398 1469 655 1555 consuleretur,
669 1491 784 1564 gnam
801 1467 890 1543 vetim
913 1470 985 1562 ipse
1007 1469 1227 1545 Provinciam
1247 1472 1471 1571 suscepillete

276 1567 403 1638 litteris
422 1561 667 1646 matildem,
690 1563 793 1638 sibit
815 1564 1025 1658 Requrserrrio
1040 1567 1144 1661 petiit
1169 1566 1263 1641 mitti
1286 1570 1331 1640 ad
1353 1569 1389 1640 se
1406 1570 1469 1660 Ju-

279 1661 393 1731 unurrt't
422 1657 598 1752 Fuuquium
615 1657 855 1734 Conliliarium
882 1663 1037 1754 regium,
1058 1663 1096 1736 δι
1127 1658 1329 1735 familiarem
1351 1660 1469 1745 saum,

279 1753 409 1828 babere
424 1755 518 1824 euim
531 1751 615 1825 seria
635 1753 813 1848 quaedam,
837 1777 919 1850 quae
933 1751 995 1858 ipit
1016 1777 1081 1848 per
1099 1754 1193 1826 bunc
1215 1759 1469 1831 communicata

277 1847 402 1933 vellet,
427 1871 496 1941 qua
518 1847 555 1920 in
580 1873 640 1933 re,
664 1871 745 1922 cum
762 1849 990 1942 Requesirrius
1011 1849 1064 1923 illi
1085 1871 1218 1922 morena
1235 1873 1397 1944 gereret,
1418 1853 1469 1927 de

275 1965 387 2016 mente
407 1943 580 2015 Eleiioris
598 1945 727 2017 certior
744 1943 872 2024 fastus,
896 1945 1124 2036 negotiationi
1145 1945 1297 2021 libenter
1322 1944 1467 2023 affenfit.

277 2035 416 2112 Sciebat
444 2040 535 2109 eninr
564 2035 717 2131 Regem,
742 2037 900 2132 quamvis
927 2039 1030 2110 armia
1056 2042 1467 2132 .agente1n,dunrmudo
1502 2040 1508 2054 '

276 2136 448 2227 populum
474 2131 567 2204 suum
594 2131 734 2206 miseriis
755 2135 903 2206 liberare
925 2132 1055 2226 pollet,
1079 2157 1101 2206 a
1124 2157 1213 2228 pace
1242 2159 1315 2209 non
1342 2137 1467 2210 abhor-

279 2251 365 2302 rere.
393 2228 547 2300 Voeavit
572 2229 690 2323 itaque
708 2227 749 2302 ad
768 2227 809 2304 se.
825 2229 1005 2301 Soluntinus
1017 2230 1174 2322 Joounrm
1190 2231 1335 2318 Comitem
1351 2230 1467 2325 Naffu-

276 2327 384 2406 uium‚
409 2325 541 2395 Auraitr‘
557 2321 720 2409 fratrem,
746 2323 844 2417 cujus
864 2346 971 2417 opera
989 2325 1056 2396 hac
1073 2325 1108 2396 ia
1122 2348 1159 2395 re
1172 2326 1224 2396 uti
1240 2324 1463 2402 decreverat:

137 2474 145 2484 .
280 2417 413 2492 detedia
439 2439 637 2504 tremente,
662 2419 722 2492 hic
744 2419 787 2491 de
804 2417 910 2492 salute
931 2416 1046 2490 fratris
1063 2417 1259 2503 sollicitus,
1284 2428 1466 2512 negotium

212 2525 218 2536 '
277 2511 389 2586 libens
415 2444 572 2606 cslul'cepit.
622 2511 801 2586 Caetertim
827 2509 907 2584 cium
927 2514 967 2583 in
992 2511 1211 2604 profectione
1237 2511 1465 2586 Hollandiam

277 2607 396 2693 versus
415 2631 482 2678 non
502 2609 551 2678 ita
565 2609 670 2700 longe
683 2605 837 2700 attegiis
853 2603 1022 2699 praesidiis
1036 2611 1105 2680 iter
1123 2607 1235 2680 facere
1249 2605 1335 2680 eliet
1353 2607 1469 2682 neces·

278 2699 337 2787 se,
362 2704 464 2795 petiit
483 2699 546 2772 fibi
563 2699 672 2772 daria
689 2703 897 2794 Requeseunr'o
914 2697 1041 2772 salvam
1057 2705 1235 2795 guardiam
1267 2701 1283 2796 (
1302 2725 1342 2776 ut
1359 2706 1467 2799 vulgo

278 2795 526 2890 vocantl‘qua
539 2793 563 2864 fi
578 2789 720 2868 forliran
739 2795 775 2868 in
795 2797 910 2889 regios
926 2797 1052 2868 utiliter
1067 2798 1219 2872 incidere
1229 2800 1467 2892 contingeret,
1511 2807 1595 2866 Pecu

279 2890 377 2982 saluti
401 2941 412 2975 ,
438 2913 478 2963 ac
494 2890 646 2963 libertati
666 2888 735 2963 suae
757 2887 837 2963 satis
858 2891 1131 2984 provideremr,
1157 2915 1259 2986 quam
1283 2916 1363 2966 cum
1389 2897 1468 2968 mit·
1509 2887 1633 2944 ΝΜ·

277 3007 350 3062 tere
367 2987 474 3062 vellet
498 2983 747 3077 Requrfomiur,
778 2983 949 3060 intellexit
972 2991 1149 3061 Atriorum
1173 2987 1349 3063 Dordraci
1373 2991 1467 3083 pelle
1505 2961 1651 3095 9⁷⁰ng

276 3085 463 3163 laborare,
492 3101 600 3175 atque
630 3081 820 3154 admodum
846 3084 949 3156 etiam
976 3084 1022 3156 de
1050 3083 1122 3157 vita
1143 3085 1356 3175 periclitari,
1393 3107 1466 3177 quo
1506 3053 1651 3190 iip'esoer»

277 3179 403 3252 nuntio
420 3199 597 3274 accepto,
624 3177 718 3250 haud
735 3200 910 3272 quaquam
926 3175 1120 3250 consultum
1139 3198 1288 3268 putans,
1313 3203 1358 3254 oo
1381 3197 1467 3252 tunc
1507 3193 1611 3252 maele

274 3275 326 3346 ire
343 3271 503 3360 fratrem,
527 3273 589 3346 ubi
603 3268 711 3346 fratre
731 3293 870 3347 mortuo
887 3271 960 3366 ipse
977 3269 1095 3365 presto
1110 3268 1197 3342 ell‘et
1222 3275 1268 3344 ad
1285 3293 1465 3364 occupan-

188 3431 190 3436 .
275 3369 360 3440 dum
381 3369 563 3463 imperium
586 3417 599 3453 ,
623 3365 766 3442 confilio
787 3389 925 3440 mutato
948 3365 1077 3440 salvam
1113 3367 1294 3458 guardiam
1321 3370 1467 3460 petitam

277 3463 439 3553 negavit,
463 3465 559 3554 quod
573 3464 623 3537 ita
643 3465 837 3536 Salaminum
848 3459 1024 3544 offendit,
1052 3481 1093 3534 ut
1111 3460 1278 3554 deinceps
1297 3463 1384 3534 nibil
1397 3484 1467 3539 ant-

277 3557 372 3652 plius
389 3558 433 3627 de
447 3553 605 3650 susceptu
624 3559 766 3651 negotio
788 3579 890 3651 agere
908 3555 1071 3629 voluerit.

347 3647 419 3730 xl.
456 3647 543 3719 Non
570 3649 638 3724 fuit
661 3673 776 3724 tamen
802 3652 945 3724 omnino
971 3651 1094 3728 inutile
1125 3649 1201 3722 boc.
1222 3652 1467 3746 principium:

274 3767 425 3842 namque
452 3743 543 3816 baud
571 3746 630 3817 diu
652 3746 731 3839 poli
754 3797 767 3830 ,
794 3743 873 3819 ciunt
903 3748 974 3842 J‘um
1002 3771 1048 3819 ex
1078 3745 1202 3818 morbo
1223 3745 1469 3821 odnvaluill‘et.

274 3843 457 3927 Artatus,
488 3861 553 3934 per
578 3840 763 3914 Guirterurt
790 3844 936 3916 Comitem
963 3843 1002 3914 dr
1025 3839 1266 3937 Zuarseudargb
1291 3844 1312 3934 i
1337 3865 1416 4008 euim
1432 3845 1471 3914 in

1392 3960 1473 4010 nem

314 4041 334 4082 ¹*
354 4038 523 4108 Salentirtus
540 4039 576 4103 de
592 4037 753 4122 {sarbourg
768 4037 811 4106 ad
831 4038 945 4106 sedem
964 4036 1207 4105 coloniensem
1229 4037 1368 4108 evectus
1380 4055 1475 4108 anno

275 4127 371 4206 1567,
394 4120 552 4210 dignitati
583 4119 702 4206 sponte
727 4121 938 4188 renuntiavit
965 4120 1120 4186 nondum
1149 4121 1404 4202 consecratur,
1435 4123 1475 4190 dc
1549 4128 1551 4131 ’

269 4206 326 4272 dil
347 4205 488 4274 ensente
511 4203 642 4270 summo
655 4203 841 4290 pontifice,
868 4204 911 4270 ed
929 4205 1025 4288 qudd
1045 4203 1104 4270 liir
1129 4205 1375 4294 ellenburgica
1391 4205 1477 4270 mal·

271 4301 319 4352 cn
380 4301 540 4364 careret,
566 4300 656 4354 anno
680 4297 774 4374 1577.
796 4305 944 4356 uxorem
973 4287 1075 4354 duxit
1127 4287 1242 4354 emitis
1259 4283 1477 4368 Arembergii

270 4367 440 4446 sororem,
455 4370 493 4439 dt
508 4371 663 4454 privatur
676 4371 764 4445 dein
779 4372 887 4446 vixit,
904 4371 962 4438 vlr
975 4371 1303 4442 multumlaudttua.
1322 4369 1365 4443 V.
1383 4367 1471 4440 Gall

264 4447 379 4532 carm
395 4467 434 4521 ro.
452 4469 482 4532 3.
500 4453 554 4521 toi
573 4473 650 4538 711.
801 4453 821 4538 †
843 4452 1096 4540 Swertsrrtburtb.

321 4543 411 4623 Tam.
435 4547 494 4627 ΙΙ.
520 4549 605 4626 Pars
632 4568 666 4624 a.
973 4546 1039 4622 ab
1083 4618 1086 4622 Α
1178 4566 1184 4576 ·
