3984 5167
593 548 672 637 530
729 519 763 628 J.
791 516 838 607 n
867 538 943 605 ne
981 509 1231 609 Tnsms
1267 432 1661 608 contutant.

441 742 544 816 1593.
588 758 611 793 η
635 717 737 797 dem,
771 709 840 807 qut
863 704 941 783 usus
976 706 1028 781 est
1062 704 1228 796 badioque
1264 706 1537 792 benevolentia,
1627 706 1767 785 llicetur.

589 854 612 889 υ
638 811 743 905 Agite
760 830 845 901 ergo
875 804 1106 887 ltlnstriffimi,
1132 804 1169 879 δι
1191 802 1495 890 Reverendilsrmi,
1518 826 1566 875 vo
1582 826 1651 899 que
1674 806 1770 879 etiam

589 950 612 984 η
637 908 705 979 viri
722 902 890 977 clariffimi
906 952 921 987 ,-
944 922 1011 995 pro
1034 900 1146 973 vestrd
1169 898 1355 995 Religione
1367 950 1380 986 ,
1403 899 1618 983 nobilitate,
1646 902 1773 978 virtote

588 1044 611 1081 ''
637 997 900 1170 {nihili
924 992 1770 1168 lttlhlilildllhtitllilllfflt‘t

584 1235 612 1272 ¹‚,
637 1214 798 1288 gravem,
821 1208 891 1261 tam
909 1190 1023 1285 piam,
1048 1207 1188 1282 tamque
1214 1189 1280 1263 toti
1297 1190 1377 1265 orhi
1401 1116 1605 1261 Christiano
1631 1186 1773 1265 necell'a·

587 1330 611 1369 n
636 1292 722 1363 riam
748 1287 898 1363 mimum
918 1286 1134 1381 applicetis,
1158 1284 1262 1359 vetet
1294 1287 1388 1374 ium,
1409 1282 1496 1357 verd
1523 1283 1770 1374 Christianum,

507 1393 520 1405 “
587 1428 611 1467 „
637 1381 677 1459 dt
700 1383 838 1480 qualem
872 1380 1021 1455 lvobie
1053 1379 1203 1490 univerit
1228 1308 1419 1455 citonati
1441 1377 1648 1454 deiiderant
1697 1378 1773 1477 Ego

587 1524 610 1559 n
636 1502 744 1567 vero,
769 1496 935 1575 quantum
957 1478 995 1550 in
1019 1497 1075 1549 me
1098 1495 1165 1549 ent
1184 1478 1288 1551 vobis
1316 1474 1449 1570 semper
1476 1476 1598 1560 adero,
1623 1477 1773 1573 nihilque

487 1572 492 1599 ''
586 1620 610 1656 η
636 1578 780 1665 amoris,
804 1575 957 1660 laboris,
981 1571 1020 1645 δι
1040 1569 1281 1647 sollicitudinis
1298 1574 1334 1647 in
1352 1593 1405 1645 me
1423 1570 1444 1643 i
1469 1571 1570 1646 vobit
1590 1571 1772 1649 defidertrl

516 1683 519 1689 ’
585 1716 610 1751 „
636 1674 854 1768 permittam,
886 1669 983 1767 qnod
1015 1673 1191 1742 commoni
1226 1667 1343 1743 vestro
1378 1669 1492 1749 bono,
1522 1670 1643 1763 aliquo
1668 1669 1771 1743 modo

585 1810 610 1847 η
635 1764 793 1865 prodeffe
817 1788 1046 1862 cognovero,
1079 1765 1186 1861 inque
1209 1766 1282 1859 ejus
1304 1767 1356 1840 rel
1382 1762 1602 1837 firmiffimttm
1622 1764 1772 1841 testimo·

587 1906 610 1942 n
636 1864 730 1935 nium
738 1859 931 1949 ,dosidem
941 1858 1042 1935 nasce
1058 1860 1190 1935 litteras
1205 1860 1335 1956 hRege
1346 1880 1427 1932 meo
1442 1858 1487 1931 ad
1502 1882 1566 1933 vos
1583 1861 1682 1935 datas
1690 1862 1771 1934 ami·

586 2000 610 2037 o
635 1956 758 2033 ciffime
772 1956 894 2031 offero.
922 1957 992 2030 Eas
1010 1956 1192 2051 postquam
1211 1957 1381 2050 legeritis,
1398 1952 1425 2027 fi
1443 1954 1528 2049 quid
1543 1958 1690 2050 amplius
1707 1952 1770 2042 lit,

404 2144 407 2153 ¹
542 2122 546 2128 .
585 2097 609 2133 o
634 2056 731 2147 quod
748 2053 952 2147 requiratis,
978 2054 1147 2147 qnodque
1165 2074 1233 2147 ego
1253 2054 1290 2123 in
1315 2049 1486 2125 mandatis
1504 2052 1667 2139 habeam,
1690 2052 1771 2127 ube·

585 2190 608 2227 n
634 2152 725 2239 rius,
751 2170 829 2223 cum
845 2170 936 2243 opos
956 2146 1080 2229 fuerit,
1096 2168 1280 2243 exponam.

632 2287 657 2321 n
682 2246 725 2319 X
765 2243 885 2336 Atque
910 2242 977 2317 hdc
1001 2241 1100 2318 hnitd
1125 2245 1284 2317 oratione
1312 2241 1445 2316 litteras
1472 2242 1696 2316 credentialet
1716 2240 1770 2318 sui
1876 2297 1877 2328 ,

584 2384 609 2421 o
634 2337 741 2437 Regis
762 2340 934 2423 exhihuit,
944 2361 1024 2435 quae
1041 2335 1088 2413 fic
1097 2338 1279 2414 habebant.
1307 2336 1533 2422 illustrissimi,
1547 2336 1771 2413 Reverendis·
1876 2335 1877 2418 l

586 2480 609 2516 η
636 2434 729 2517 fimi.
754 2434 959 2531 Magnifici,
979 2432 1148 2528 nobisque
1166 2434 1367 2508 Chariffimi.
1416 2432 1538 2509 Tanto
1553 2454 1674 2508 teneor
1690 2432 1774 2510 defi·

636 2533 734 2608 derio
749 2533 895 2627 juvandi
913 2527 981 2604 sem
1026 2552 1045 2602 r
1069 2530 1088 2570 ⁴*
1113 2527 1365 2617 Christianam,
1390 2550 1538 2625 eamque
1561 2528 1775 2624 praesertim,

586 2674 610 2713 η
635 2650 715 2725 quae
738 2630 775 2701 in
801 2625 919 2701 Gallid
947 2648 966 2697 e
1008 2676 1020 2711 ,
1044 2645 1084 2701 ut
1105 2628 1261 2718 quamvis
1283 2626 1370 2699 mihi
1395 2622 1619 2720 prospedlum
1642 2622 1707 2712 fit,
1729 2627 1774 2704 de

585 2770 609 2807 η
634 2728 711 2807 hit,
735 2743 815 2818 quae
832 2720 1048 2797 conveniunt
1063 2720 1108 2793 ad
1130 2720 1409 2817 consequendum
1423 2744 1502 2795 eum
1518 2720 1649 2807 finem,
1669 2744 1771 2818 quem

585 2864 609 2902 η
634 2822 735 2894 nobis
750 2820 999 2915 proponimus,
1024 2816 1063 2891 dt
1077 2840 1150 2912 quo
1168 2817 1299 2893 nostran
1319 2814 1472 2891 ultiones
1497 2816 1678 2911 studiaque
1698 2839 1772 2893 out·

474 2948 479 2955 ·
586 2958 610 2996 ,,
636 2936 695 2989 nea
718 2915 898 3009 dirigimus
925 2914 1032 3009 (cum
1054 2913 1213 2987 omnihua
1234 2933 1379 3000 notum,
1404 2933 1446 2985 ac
1471 2912 1688 2989 manifestum
1710 2910 1774 3003 fit,

585 3054 608 3091 ,‚
635 3011 721 3107 quid
753 3010 794 3083 ea
824 3010 864 3081 in
890 3030 929 3082 re
949 3008 1114 3081 hastenus
1138 3006 1414 3104 praestiterimut,
1438 3028 1549 3103 arque
1580 3014 1773 3085 etiamnum

585 3150 609 3187 η
634 3106 731 3181 omni
748 3102 854 3187 euri,
879 3125 920 3177 ac
940 3102 1057 3179 studio
1075 3104 1228 3199 praestari
1249 3103 1435 3198 mmmut)
1458 3127 1531 3178 non
1554 3127 1673 3181 tamen
1699 3108 1774 3181 haec

586 3246 608 3283 0,
633 3203 721 3277 mihi
753 3197 1011 3286 satisfecerint,
1047 3202 1084 3273 ui
1113 3200 1159 3274 ed
1184 3200 1357 3275 mitterem
1379 3202 1495 3275 virum
1516 3200 1592 3275 e‘ur
1616 3204 1711 3287 loci,
1733 3224 1774 3275 at:

586 3342 611 3377 υ
635 3298 871 3385 conditionis,
895 3294 967 3393 qud
981 3292 1031 3368 eil
1048 3293 1134 3369 Dux
1151 3294 1262 3381 Frrs‘ae,
1287 3297 1349 3393 qui
1376 3294 1427 3371 ibi
1451 3224 1603 3391 praeiens
1631 3300 1773 3372 nomine

586 3438 612 3473 ‚a
635 3418 713 3469 meo
733 3410 926 3489 procuret,
951 3415 995 3466 ne
1016 3388 1196 3466 Ordinum
1219 3408 1414 3467 conventus
1437 3394 1687 3479 dimittantur,
1710 3391 1777 3466 nili

583 3528 610 3567 n
634 3490 779 3563 obtento
806 3487 874 3564 fine
904 3507 1052 3583 optato,
1076 3488 1254 3561 elellionis
1275 3484 1406 3563 scilicet
1436 3488 1547 3582 Regis
1575 3488 1779 3577 Catholici,

585 3626 609 3663 n
634 3586 773 3679 qualem
798 3587 875 3659 haec
893 3604 1054 3677 tempora
1074 3584 1277 3679 postulant,
1302 3592 1343 3659 ut·
1362 3582 1432 3659 hoc
1455 3581 1588 3659 Gallim
1607 3582 1778 3681 Regnum

511 3732 517 3743 .
586 3724 609 3761 η
633 3676 786 3791 pristinae
807 3676 874 3763 suae
892 3677 1080 3763 faelicitati,
1108 3700 1150 3753 ac
1164 3678 1343 3775 Religioni
1362 3677 1571 3754 restituatur⁴
1620 3680 1671 3753 Et
1688 3704 1780 3850 Ἧι)-

586 3820 609 3856 »2
634 3798 725 3851 nram
750 3798 819 3872 ego
843 3776 1077 3871 superioribus
1105 3776 1189 3849 meir
1207 3773 1410 3865 beneficiio,
1433 3796 1502 3871 per
1521 3797 1579 3849 me
1604 3778 1688 3851 huic
1743 3802 1781 3850 e·

528 3932 532 3944 .
584 3915 610 3951 υ
632 3894 708 3967 gno
727 3872 888 3968 prostitit
920 3874 999 3945 haec
1030 3871 1145 3960 addo,
1176 3894 1315 3968 aequnm
1333 3868 1405 3955 est,
1429 3895 1495 3947 vos
1513 3873 1606 3947 hane
1622 3872 1782 3948 oceaho·

584 4010 609 4047 „
633 3990 712 4041 nem
731 3989 805 4043 non
819 3966 928 4045 linere
942 3967 1050 4053 elabi,
1074 3968 1228 4064 mihique
1246 3971 1349 4043 etiam
1363 3966 1520 4049 exsolvi,
1537 3990 1616 4062 quta
1633 3970 1677 4042 de
1699 3972 1778 4041 hoc

584 4104 609 4141 n
633 4062 764 4159 Regno
785 4064 874 4141 bene
892 4061 966 4137 som
985 4063 1146 4151 meritus,
1169 4061 1447 4141 remuneratione
1471 4064 1644 4158 condigna
1664 4063 1778 4135 andr

584 4198 611 4233 n
632 4158 807 4235 beneficiis
830 4163 867 4235 in
896 4182 962 4235 vot
989 4160 1144 4243 collatis,
1171 4164 1335 4257 quamvis,
1356 4160 1392 4233 in
1415 4162 1677 4235 emolumentum
1704 4178 1781 4231 ve.-

582 4292 609 4329 »
631 4252 734 4326 strum
750 4256 840 4349 pund
869 4256 1001 4347 cedat,
1027 4254 1168 4331 abundo
1186 4277 1303 4329 tamen
1328 4254 1412 4332 mihi
1437 4254 1643 4331 intissam
1668 4274 1788 4349 puta·

578 4388 607 4433 a
628 4344 689 4429 bo
724 4346 878 4439 Proinde
900 4376 974 4434 vot
996 4354 1369 4453 emendatumque,
1392 4373 1436 4431 δῦ
1458 4354 1583 4438 iterum
1607 4370 1790 4525 mffi

1027 4517 1031 4525 ,
1409 4524 1471 4535 ..
1608 4488 1639 4547 a
