3984 5167
411 677 513 765 1584·
559 713 583 750 ‚,
609 664 829 764 Principibus
855 660 970 739 Gallia
993 658 1172 735 foederatia
1199 660 1266 735 alia
1289 659 1545 755 quadringenta
1568 679 1753 743 aureorum

560 810 583 845 υ
609 768 714 839 millia
736 762 867 835 addicit
889 758 1103 870 insumptus
1122 758 1317 831 ordinarios
1336 758 1418 829 anni
1439 755 1542 829 tertii

610 905 633 941 „
658 856 858 934 XXXVIII.
894 855 1046 931 Cessabit
1064 854 1269 951 praedidtum
1294 850 1479 926 subsidium
1502 855 1755 952 quinquaginta

560 1000 584 1037 n
609 958 755 1030 millium
771 976 952 1028 aureorum
973 949 1174 1025 Italicorum
1195 951 1232 1021 iu
1249 948 1402 1045 singulos
1415 946 1544 1042 meuses
1555 1001 1567 1036 ,
1591 952 1653 1024 ubi
1669 952 1753 1029 dieti

560 1096 584 1133 η
611 1051 789 1149 Principes
804 1048 961 1123 foederati
976 1044 1077 1119 Galli
1093 1044 1269 1119 cessabunt
1284 1045 1305 1117 a
1322 1045 1438 1128 bello,
1454 1044 1530 1119 &fi
1549 1045 1632 1120 Deo
1642 1048 1752 1124 visum

560 1192 584 1227 n
608 1150 741 1237 suerit,
765 1147 879 1239 redigi
894 1168 948 1219 res
958 1142 1113 1218 Gallicas
1130 1144 1166 1214 in
1182 1166 1261 1217 eum
1276 1140 1421 1231 statum,
1440 1164 1479 1214 ut
1498 1164 1617 1217 earum
1640 1146 1753 1222 exitur
1872 1185 1873 1226 3

559 1289 583 1323 n
608 1246 718 1331 felia,
741 1240 1064 1339 consumptionem,
1089 1236 1379 1333 dispensationem
1396 1256 1619 1311 nummorum
1639 1237 1752 1335 supra·
1872 1261 1873 1292 i

560 1385 583 1419 n
610 1342 781 1417 diuorum
813 1356 1033 1421 antevertat3
1071 1330 1164 1431 Regi
1190 1333 1378 1409 Catholico
1407 1356 1483 1409 tum
1508 1336 1644 1409 licitum
1667 1340 1753 1426 erit,

560 1480 583 1515 n
610 1429 1296 1607 φκέἀἓιιπιωοῃτῑιιῐέἂῗιῑέιῖιεςιὲιῑὶὲεἰῗίιῃείτξ1
1306 1485 1317 1519 ,
1329 1442 1510 1600 exditaamlen
1527 1430 1754 1601 crialiiitditioue,
1872 1445 1873 1540 ἴ

560 1554 647 1612 „ut
692 1554 967 1607 eitacor·
1220 1579 1233 1616 ,
1362 1551 1555 1622 ‚qem
1610 1552 1752 1607 umex·

560 1671 583 1707 υ
608 1651 807 1704 traiieorum
828 1630 925 1723 prius
943 1623 1177 1699 exsolvantur.
1198 1632 1203 1639 '
1295 1550 1342 1625 pe

608 1732 632 1806 ,'‚
658 1722 817 1797 XXXIX.
846 1721 1006 1815 Cumque
1024 1720 1184 1814 iniquum
1202 1717 1243 1792 sit
1258 1743 1347 1807 eoa,
1372 1718 1434 1817 qui
1453 1739 1524 1796 tam
1548 1720 1654 1817 digne
1677 1742 1758 1799 tan·
1873 1729 1874 1764 I

562 1865 585 1901 υ
610 1820 721 1917 tisque
739 1818 934 1915 sumptibus
954 1817 1069 1891 omnia
1090 1815 1150 1889 sua
1164 1816 1276 1891 studia
1303 1818 1490 1892 conserunt
1517 1817 1559 1890 ad
1577 1840 1755 1915 propaga.-

560 476 644 595 452
688 478 738 587 r.
765 399 813 564 u.
842 430 915 561 ir
943 444 1195 562 russis
1237 462 1630 560 couniunt.

562 1962 584 1995 i,
610 1920 742 1993 tionem
778 1916 923 2003 honoris
961 1913 1073 1987 diviiii
1108 1909 1300 2007 sanctaque
1325 1912 1394 1990 Rel
1431 1915 1523 1987 ionia
1555 1912 1645 2009 (uti
1672 1916 1765 1989 Rex·

561 2056 585 2093 n
612 2010 841 2106 Catholicae)
873 2010 952 2083 exui
976 2006 1081 2105 atqise
1110 2004 1131 2078 s
1151 2009 1249 2082 oliati
1278 2008 1380 2083 bouis
1395 1936 1469 2081 Ignis
1486 2034 1527 2083 ac
1546 2008 1754 2107 possesioni-

562 2152 586 2189 n
610 2112 699 2198 bus,
724 2130 799 2205 quae
817 2104 907 2201 justo
933 2107 1038 2177 titulo
1063 2128 1112 2199 po
1139 2105 1286 2179 ederunt
1307 2127 1387 2178 ante
1406 2105 1443 2179 δι
1466 2108 1547 2201 post
1570 2105 1756 2180 nudatum.

560 2247 585 2285 η
610 2206 711 2279 Pacis
736 2206 771 2278 in
792 2201 919 2299 Castalio
941 2202 1140 2308 Cambrrfino
1161 2200 1256 2273 inter
1292 2202 1398 2275 ambo
1428 2225 1535 2297 regna
1560 2204 1673 2286 initae3
1696 2201 1752 2277 su·

562 2345 585 2379 2,
610 2298 759 2401 pradini
778 2295 960 2395 Principes
983 2294 1081 2369 Galli
1107 2294 1267 2370 foederati
1295 2300 1467 2372 curabunt
1487 2301 1521 2373 ei
1538 2300 1637 2372 reddi
1659 2301 1755 2373 resti·

562 2440 585 2476 n
611 2401 756 2495 tuique,
789 2389 1074 2491 quamcitissime
1103 2390 1180 2465 fieri
1204 2396 1367 2489 poterit,
1396 2394 1518 2469 urbem
1552 2395 1752 2469 Cannarum

563 2537 587 2573 η
611 2518 692 2570 curu
713 2488 874 2588 castello,
898 2493 1070 2587 integram
1090 2511 1132 2562 ac
1148 2492 1397 2563 communitam
1414 2493 1464 2562 uti
1482 2512 1556 2565 erat
1567 2513 1754 2588 antequam

557 2635 586 2681 n
612 2610 856 2687 occuparetur.
903 2582 1005 2661 Etsi
1034 2586 1118 2680 quid
1141 2585 1366 2697 importatum
1394 2586 1500 2662 suerit
1525 2586 1607 2683 post
1633 2588 1764 2663 urbem

565 2730 587 2765 n
613 2705 822 2783 occupatam
855 2701 1138 2764 commeatuum,
1163 2703 1424 2771 munitionum,
1457 2706 1758 2759 tormentommve

564 2826 587 2863 n
611 2784 852 2869 bellicorum,
895 2778 992 2876 quod
1017 2798 1200 2850 numerum
1227 2779 1373 2852 excedat
1404 2803 1525 2853 eorum
1558 2801 1637 2877 quae
1674 2800 1756 2855 aute

565 2920 589 2957 n
615 2901 753 2975 captam
790 2875 914 2948 urbem
937 2874 987 2947 ibi
1016 2892 1156 2967 reperta
1183 2873 1278 2948 suere
1297 2926 1309 2962 ,
1325 2875 1460 2949 licitum
1488 2876 1555 2951 erit
1578 2875 1779 2973 praedietis,

566 3017 590 3052 n
617 2969 837 3068 Principibus
865 2969 978 3043 Gallu
1003 2966 1178 3044 soederatia
1205 2994 1245 3043 ea
1271 2992 1455 3065 exportare
1484 2993 1590 3069 atque
1621 2970 1761 3049 auferre

565 3112 589 3148 η
614 3094 686 3167 quo
712 3068 829 3144 velint.
882 3064 931 3141 Et
958 3066 1098 3161 quaudo
1121 3065 1200 3138 Rex
1218 3065 1423 3143 Catholicus
1449 3092 1525 3142 eam
1553 3069 1678 3143 urbem
1702 3095 1758 3143 ca·

567 3210 589 3245 υ
615 3166 815 3259 steliumque
827 3162 923 3237 urbis
940 3164 1042 3237 armis
1058 3162 1156 3235 volet
1174 3185 1402 3259 recuperare,
1418 3162 1607 3261 supradidii
1623 3164 1760 3241 Princi-

568 3304 591 3341 η
615 3284 678 3361 pes
695 3260 864 3337 ‘soederati
878 3260 1086 3356 promittunt
1101 3254 1171 3331 sese
1197 3258 1230 3331 ei
1257 3255 1648 3357 laturos'quaecumque
1678 3284 1758 3360 pot-

566 3403 590 3438 „
616 3382 716 3433 eruut
734 3358 881 3443 auxilia,
905 3378 975 3429 tam
992 3378 1106 3429 reruni
1122 3352 1320 3429 bellicarum
1345 3380 1449 3452 quam
1467 3359 1698 3431 munitionum
1717 3382 1765 3435 ac

569 3499 592 3533 η
618 3476 853 3535 commeatus.
877 3450 946 3526 sese
962 3452 1065 3525 armis
1087 3449 1292 3524 occursuros
1312 3455 1472 3533 omnibus
1485 3455 1523 3527 dc
1539 3455 1764 3550 quihuscuni-

567 3594 592 3629 ‚i
617 3548 909 3651 queexeicitibus
930 3546 1078 3620 Gallicis
1096 3544 1207 3620 ductis
1226 3548 1486 3647 ducendisquee
1510 3556 1572 3645 qui
1588 3575 1634 3624 eir
1644 3550 1767 3625 Gallia

568 3692 591 3725 η
617 3644 881 3745 proficiscentur
908 3696 930 3731 ,,
958 3640 1163 3738 Regemque
1196 3640 1421 3718 Catholicum
1462 3644 1555 3720 bello
1597 3648 1764 3721 infestare

569 3786 592 3822 υ
618 3747 759 3829 volent,
785 3738 1010 3834 eamdemque
1028 3760 1170 3907 operam
1186 3741 1596 3836 praestabuni,quantum
1620 3747 1666 3818 ad
1681 3748 1774 3819 alias

568 3884 591 3919 n
616 3864 737 3915 omnes
758 3838 982 3922 Provincias,-
1007 3858 1047 3907 ur
1073 3858 1128 3920 es,
1153 3837 1358 3933 oppidaque
1379 3842 1520 3929 attinet,
1544 3862 1627 3935 quae
1646 3841 1768 3936 supra·

567 3980 591 4015 »2
616 3938 698 4013 disti
722 3933 877 4009 haeretici
904 3930 1082 4011 Inferioris
1118 3929 1319 4006 Germauiae
1349 3932 1504 4008 antehac·
1532 3938 1571 4010 δι
1600 3940 1638 4009 in
1669 3959 1769 4032 prae·

567 4074 592 4109 υ
615 4032 721 4105 senna
744 4030 941 4119 dediddre,
967 4049 1027 4103 aut
1051 4022 1196 4123 posthac
1218 4028 1371 4104 dedituri
1391 4029 1471 4105 suut
1497 4034 1533 4104 in
1559 4034 1776 4127 potestatem.

567 4168 591 4203 η
625 4126 834 4207 Gallorum,
859 4147 919 4199 aut
946 4127 1006 4199 illa
1037 4126 1175 4219 capturi
1202 4147 1260 4199 aut
1290 4130 1497 4221 occupaturi
1523 4126 1655 4203 suntin
1681 4149 1773 4221 gru-

420 4226 428 4243 '
568 4263 593 4301 n
618 4223 699 4297 tium
728 4218 768 4297 dt
804 4216 962 4299 favorem
992 4222 1241 4299 haereticorum
1272 4220 1443 4321 huJusque
1469 4222 1606 4303 foederis
1636 4222 1781 4311 causa,

1642 4363 1669 4403 ra
1692 4340 1781 4419 qu&
