3984 5167
559 549 643 661 258
701 539 738 648 J.
765 537 814 627 u.
842 560 920 627 nr
948 530 1199 629 rnssrs
1242 532 1634 633 COMMENT.

400 767 505 843 1577·
553 719 709 831 stitutio)
743 711 983 827 adventaffet,
1015 734 1100 787 tunc
1127 711 1394 885 uniuscujusque
1418 714 1588 791 Cohortis
1614 716 1696 795 Rex
1719 726 1756 799 in

553 818 695 917 publica
709 812 987 911 supplicatione,
1013 808 1074 885 suo
1094 811 1220 885 ordine
1236 835 1315 887 curn

1349 814 1392 889 ud
1410 812 1569 889 Cohorte
1580 870 1592 907 ‚
1614 842 1760 897 oruatua

554 917 722 990 incedens
743 916 780 984 in
797 910 969 1007 premium
995 910 1081 982 artis
1099 906 1386 1005 aspectantibus
1408 910 1576 1006 applausu
1594 968 1605 1002 ,
1633 911 1673 989 ἃ
1691 920 1756 993 ho-

553 1035 639 1086 nore
659 1008 894 1097 afficiebatur,
919 1006 981 1101 qui
1004 1028 1091 1079 vero
1116 1024 1171 1079 ter
1199 1004 1382 1102 plittacum
1404 1006 1531 1101 jaculis
1563 1008 1755 1105 dejiciunt,

555 1110 791 1204 Imperatores
809 1108 990 1187 dicuntur,
1012 1104 1270 1199 multorumque
1297 1104 1520 1199 vectigalium
1537 1104 1754 1187 immunitate

555 1203 800 1300 laetigaudeuc
824 1198 919 1274 Sunt
933 1200 991 1271 hae
1004 1198 1181 1310 Cohortes
1191 1198 1227 1269 in
1238 1202 1429 1311 praecipuir
1448 1202 1647 1311 ciuitatibus
1655 1209 1754 1299 quin·

555 1294 1391 1569 {litterallefztnlllllllllrlltl,
1404 1318 1755 1493 ‘ethelredi

584 1496 622 1567 bi
647 1494 839 1567 Patrouum
866 1540 1096 1565 .......
1131 1488 1251 1561 Altera
1273 1513 1317 1562 ex
1341 1486 1413 1563 selo
1440 1492 1553 1563 erariis
1578 1493 1755 1591 habetque

557 1592 749 1667 Patronum
775 1639 931 1661 .....
956 1582 1082 1659 Tertia
1097 1611 1140 1660 ex
1156 1608 1239 1659 arcu
1257 1512 1446 1659 manualib'

556 1688 721 1781 Reliquae
744 1708 788 1758 ex
812 1705 895 1755 arcu
922 1682 1064 1768 balista,
1090 1704 1235 1777 quatum
1261 1706 1330 1755 una
1353 1682 1486 1773 minor,
1512 1685 1620 1757 altera
1647 1692 1758 1784 major

554 1786 760 1880 appellatur.
794 1776 888 1853 Haec
908 1778 1014 1851 habet
1030 1780 1222 1852 Patronum
1247 1776 1284 1849 D
1286 1831 1509 1853 .......
1543 1778 1607 1852 llla
1632 1783 1754 1857 Diuum

555 1882 732 1975 Georgium.
744 1876 881 1966 ‚Solent
900 1877 956 1947 hae
973 1871 1171 1964 Cohortes,
1196 1897 1275 1947 cum
1284 1876 1356 1971 Jam
1372 1871 1499 1949 instant
1510 1876 1584 1951 dies
1595 1879 1648 1950 illi
1659 1878 1732 1953 festi
1741 1932 1756 1969 ,

553 1977 704 2051 invitate
729 1975 772 2047 ad
802 1972 840 2044 id
865 1971 1062 2067 jaculorum
1085 1992 1261 2044 certamen
1285 1974 1484 2069 praecipuos
1503 1970 1659 2069 quosque
1678 1976 1752 2071 ejus

555 2074 729 2162 civitatis,
754 2069 815 2142 uhi
829 2068 905 2141 ludi
924 2066 1175 2155 celebrantur,
1201 2069 1372 2163 daturque
1397 2068 1523 2142 talibus
1544 2068 1605 2143 suo
1629 2076 1752 2151 ordine

553 2166 706 2266 potestas
718 2188 798 2240 ante
813 2168 899 2238 alios
915 2186 969 2237 ter
981 2166 1191 2259 ejaculandi,
1204 2164 1331 2239 accidit
1356 2188 1401 2238 ue
1417 2166 1513 2239 haud
1530 2164 1634 2241 semel
1644 2168 1753 2264 ipsoe-

553 2287 627 2339 met
661 2264 862 2358 Principes,
896 2260 1150 2357 Imperatores,
1175 2189 1380 2356 Regrebr

554 2360 812 2459 pueBruxellis
822 2414 831 2444 ,
842 2359 1038 2433 Cohortem
1054 2358 1218 2455 majorem
1231 2354 1413 2454 praesentia
1427 2356 1490 2432 sud
1506 2358 1747 2447 cohonestare,

552 2461 769 2553 maximoque
777 2456 901 2553 populi
911 2452 1092 2550 applausu,
1100 2452 1413 2550 pfittacumjaculis
1428 2474 1562 2551 petere,
1574 2460 1750 2554 acdejice·

554 2580 593 2629 re
609 2559 750 2641 conari,
777 2555 814 2629 dt
831 2550 856 2623 st
876 2552 896 2625 l
922 2574 1065 2647 quoque
1085 2574 1205 2625 eorum
1221 2548 1402 2645 psittacum
1422 2552 1526 2648 dejici
1546 2558 1755 2651 contigerit,

1446 1608 1571 1661 21ῐοΠο
1598 1641 1756 1665 .....

1408 2258 1604 2358 proteges,
1627 2269 1753 2360 praeci·
1887 2308 1889 2371 ἑ

556 2675 639 2727 tunc
653 2656 766 2726 vidior
788 2648 861 2747 ipse
885 2646 999 2735 adest,
1025 2669 1166 2744 paratus
1182 2648 1300 2721 omnia
1317 2650 1463 2758 eaequi,
1490 2671 1567 2745 quae
1582 2651 1617 2723 in
1634 2652 1750 2749 hujus·
1887 2676 1888 2679 ¹

554 2751 650 2823 modi
667 2746 816 2822 victoria
840 2749 1085 2840 requiruntur,
1105 2766 1165 2819 aut
1174 2741 1291 2818 saltem
1308 2748 1434 2833 mittit,
1460 2746 1522 2840 qui
1536 2744 1598 2820 suo
1609 2750 1751 2824 nomine

554 2847 649 2919 iniis
668 2848 794 2931 rebus,
819 2866 900 2939 quae
923 2844 1068 2937 agendae
1091 2839 1191 2929 sunt,
1216 2843 1313 2914 vices
1329 2838 1405 2915 suas
1426 2860 1551 2938 gerat,
1576 2842 1749 2942 sumptus·

552 2964 623 3035 que
645 2964 712 3036 pro
729 2942 835 3022 statu,
861 2940 1043 3034 graduque
1066 2934 1210 3012 vidioris
1233 2935 1349 3010 faciat.
1384 2936 1531 3013 Sodales
1559 2940 1662 3014 dietae
1690 2967 1749 3016 co·

550 3036 664 3110 hortis
681 3034 810 3112 balistae
830 3035 1094 3130 majoris,cujus
1112 3035 1248 3130 generis
1264 3032 1461 3125 Lovanium
1481 3059 1624 3132 quoque
1644 3063 1748 3113 unam

552 3134 686 3222 habet,
704 3156 785 3208 cum
804 3134 865 3205 ille
890 3135 964 3205 dies
995 3130 1228 3217 adventasset,
1252 3131 1422 3226 rogavere
1448 3132 1674 3227 Arsidaeum,
1697 3138 1749 3209 uti

552 3228 724 3305 consuetis
743 3252 861 3303 eorum
876 3230 991 3314 ludis,
1018 3224 1329 3321 certaminibusque
1345 3226 1502 3301 intercise
1519 3230 1642 3303 vellet:
1662 3256 1748 3327 quo·

551 3351 629 3400 rum
655 3328 819 3423 petitioni
848 3348 928 3398 cum
951 3324 1187 3398 humaniffimd
1211 3322 1380 3399 annuisset
1387 3376 1400 3413 ,
1418 3326 1580 3413 tandem,
1599 3349 1678 3399 cum
1703 3330 1749 3402 ad

551 3448 626 3498 rem
648 3436 792 3499 ventum
811 3418 919 3510 ellet,
945 3418 1097 3496 secundo
1115 3418 1185 3493 retu
1207 3417 1391 3518 psittacum
1418 3422 1527 3495 multi
1542 3424 1748 3501 dexteritate

552 3520 698 3616 dejecit,
722 3517 904 3611 statimque
920 3541 1067 3614 accepto
1085 3538 1230 3613 torque,
1256 3518 1389 3592 acceffit
1407 3541 1486 3590 curn
1504 3515 1605 3591 sociis
1623 3520 1751 3595 Ecclc·

551 3614 658 3705 liant,
681 3616 844 3709 tantique
861 3611 987 3707 postea
1001 3614 1203 3699 hilaritate,
1235 3635 1277 3686 ac
1293 3614 1494 3689 liberalitate
1516 3638 1597 3709 erga
1609 3618 1745 3690 Cohor-

550 3736 621 3789 tem
640 3712 756 3802 illam,
782 3708 990 3804 caeterosque
1020 3731 1196 3807 quatuor,
1221 3730 1327 3807 atque
1352 3707 1549 3785 uniuersum
1575 3712 1744 3807 populum

549 3810 628 3884 usus
647 3808 714 3896 est,
740 3829 780 3881 ut
801 3810 917 3881 nullus
939 3804 1044 3896 ellet,
1070 3810 1132 3901 qui
1147 3808 1299 3881 indolem
1316 3806 1491 3901 Principis
1509 3830 1579 3881 non
1599 3810 1745 3883 demira-

547 3928 666 3989 retur,
691 3902 831 4001 ejusque
845 3925 963 3977 amore
987 3903 1204 3999 summopere
1228 3926 1299 3976 non
1327 3902 1529 3977 afficeretur.
1565 3903 1744 4002 Erantque

547 4004 675 4095 procul
701 4001 810 4076 dubio
835 4002 933 4075 omni
959 4002 1062 4075 laude
1089 4002 1234 4096 dignae,
1260 4021 1417 4089 caeterae,
1442 4024 1522 4095 quae
1540 3998 1592 4073 illi
1611 3998 1738 4077 intrate

549 4118 648 4169 erant
670 4098 838 4173 virtutes:
864 4100 1002 4172 domat
1015 4117 1182 4194 praeterea
1193 4098 1292 4171 illum
1307 4119 1431 4173 natura
1447 4118 1543 4171 tanta
1562 4102 1742 4173 oculorum

547 4194 678 4289 gratia,
704 4216 747 4268 ac
771 4195 973 4285 venustate,
999 4218 1038 4269 ut
1055 4192 1128 4269 solo
1143 4194 1302 4292 aspeetu,
1318 4194 1474 4271 omnium
1494 4196 1630 4269 animos
1644 4198 1688 4269 ad
1707 4197 1744 4271 se

544 4288 724 4367 uideretur
744 4290 894 4365 allicere.

592 4384 656 4463 CI.
681 4384 804 4485 ltaque
823 4388 911 4461 nihil
928 4385 1048 4459 utilius
1062 4384 1276 4483 feliciusque
1292 4384 1419 4485 Belgio
1434 4388 1593 4465 accidere
1608 4386 1742 4485 potuis·

542 4480 615 4578 iet,
639 4506 743 4584 quam
760 4486 856 4563 huuc
874 4480 1076 4582 Principem
1090 4488 1127 4563 in
1146 4480 1339 4583 Protegem
1359 4482 1501 4563 habere.
1526 4484 1599 4561 Sed
1618 4484 1742 4657 bbrbbr

1637 4604 1656 4656 e
1886 4600 1887 4611 ,
