3984 5167
310 600 313 611 Ι
436 452 1232 571 -LlssuR-Puluuus.
1401 510 1481 601 145

261 669 371 743 civita
381 688 418 742 te
442 670 611 744 excedere
621 669 696 763 julla
708 667 986 742 tandem-‘mense
1003 668 1158 762 Augusto
1176 670 1331 767 sequenti
1344 670 1476 768 slipen·
1512 705 1517 714 ’
1630 657 1632 672 '

159 784 163 791 ’
263 769 322 838 dia
341 767 460 837 debita
485 767 553 837 illis
572 764 684 839 soluta
715 766 814 849 sunt,
842 765 1149 859 ampliffimurnque
1172 766 1338 863 Diploma
1361 766 1473 845 Ducis

262 864 382 937 Albani
404 865 532 932 alatum
544 912 554 945 ,
575 860 794 955 publiceque
810 862 1096 953 pronuntiatum,
1123 885 1194 956 quo
1213 865 1281 935 illis
1303 865 1468 939 seditiosa

263 955 415 1043 crimen,
441 956 478 1028 dt
502 958 675 1051 quidquid
697 961 769 1051 ejus
787 954 967 1027 occafione
990 959 1210 1050 deliquerant
1228 958 1332 1052 plene
1351 962 1466 1034 remis-

262 1052 359 1135 sum,
384 1054 615 1146 ignotumque
635 1051 695 1125 est.
731 1051 821 1140 Quo
837 1049 899 1122 libi
917 1058 1081 1145 putantes
1099 1052 1239 1125 abunde
1256 1051 1461 1131 satisfactum

195 1166 203 1179 '
261 1148 349 1219 urbe
370 1144 562 1231 excellere,
587 1170 781 1242 corumque
804 1148 840 1218 in
866 1148 983 1221 locum
1001 1149 1121 1222 decern
1142 1148 1378 1244 Hispanorum
1402 1174 1462 1237 co-

261 1241 380 1315 hortes
404 1246 438 1313 in
456 1244 631 1331 civitatem
650 1242 812 1314 immissae.
850 1239 989 1315 'Eodem
1009 1262 1123 1317 tumen
1148 1244 1262 1319 mense
1288 1266 1392 1319 tantae
1409 1248 1460 1321 in·

260 1340 416 1410 solentiae
436 1359 579 1433 poenas,
609 1358 682 1411 non
707 1339 863 1410 obstante
885 1337 1106 1430 Dlplomate,
1136 1344 1230 1435 quod
1257 1344 1380 1415 Albano
1404 1345 1457 1415 in·

259 1439 338 1507 vito
357 1436 599 1516 extorserant,
630 1431 798 1527 cujusque
820 1432 994 1503 beneficio
1024 1434 1185 1528 indignos
1208 1432 1279 1509 sese·
1295 1438 1456 1530 praebue-

258 1550 356 1613 rant,
381 1531 537 1600 luerunt:
564 1530 707 1601 Albanus
726 1531 817 1600 enirn
837 1546 898 1599 eos
919 1527 980 1621 spe
1004 1548 1119 1616 certa,
1144 1530 1375 1625 p'romilllsque
1402 1535 1454 1606 in-

261 1628 386 1696 dunos
412 1624 594 1697 obtinendi
617 1622 765 1718 praesrdii
794 1622 1042 1716 Sylvaeducis,
1086 1624 1192 1698 caute
1221 1626 1452 1721 Antvetpiam

260 1720 419 1815 pellexit,
436 1720 470 1792 in
487 1724 586 1814 cujus
603 1720 776 1793 suburbiis
793 1720 947 1815 undique
964 1720 1009 1790 ab
1027 1718 1189 1815 Hispano
1208 1724 1316 1793 milite
1333 1724 1451 1811 cinsii,

193 1900 198 1911 ‚
256 1818 387 1888 summa
406 1838 485 1887 cum
499 1816 691 1910 ignominis
705 1817 854 1912 primum
871 1816 1008 1887 tradere
1026 1819 1153 1888 vexilla
1164 1816 1324 1889 Fredrriro
1332 1819 1450 1891 Albani

256 1912 331 1983 filio
359 1910 460 2006 julsr,
495 1934 574 2006 quae
596 1926 714 1984 ta'rnen
734 1909 854 2007 postea
875 1907 1090 2006 supplicibus
1115 1913 1269 1985 omniurn
1301 1914 1450 1987 militurn

256 2008 454 2102 praecibus,
479 2008 720 2103 lachrimisque
741 2027 940 2079 commotus
968 2005 1149 2080 Frederr'cut
1168 2006 1249 2102 ipfis
1266 2008 1447 2099 reddidit,
1468 2080 1471 2085 .

256 2106 442 2198 praecipuis
466 2103 643 2176 seditionis
670 2103 867 2175 rudioribus
888 2101 933 2173 ad
963 2100 1192 2197 quadraginta
1223 2105 1312 2177 duos
1336 2104 1447 2199 usque
1593 2117 1597 2129 ’
1729 2202 1733 2213 Ι

257 2200 406 2293 captiuis
433 2199 663 2294 Antverpiam
688 2198 865 2286 deduCtiS,
888 2196 954 2268 -ubi
985 2218 1106 2270 omnes
1127 2201 1258 2293 laqueo
1277 2201 1383 2272 vitam
1406 2198 1447 2271 fi·

133 2380 141 2385 ,
256 2297 373 2384 ruere,
401 2291 634 2388 Princepsque
666 2293 842 2367 seditionis
864 2292 996 2365 corond
1015 2295 1122 2387 capiti
1149 2293 1310 2389 impositi
1332 2298 1447 2367 altiori

254 2392 415 2486 patibulo
431 2388 568 2461 suffixus
583 2390 642 2462 est.
658 2388 726 2461 His
743 2386 1050 2483 ipllstemporibus
1068 2390 1372 2483 quietis,Albanrts,
1382 2396 1446 2465 Ca·

256 2486 333 2564 rolo,
353 2508 429 2558 nono
453 2483 648 2557 Galliarum
675 2485 767 2582 Regi
798 2483 913 2557 denuo
946 2484 1049 2557 armis
1085 2506 1207 2557 contra
1232 2484 1447 2580 Hugonotas

256 2584 393 2675 agenti,
417 2603 559 2673 magnas
585 2583 708 2653 itemrn
731 2581 889 2675 equitum
913 2579 1143 2673 peditumque
1170 2582 1289 2673 copias
1316 2582 1448 2654 auxilio

255 2674 348 2748 mifit
371 2674 530 2747 Dubiore
559 2678 679 2747 comite
696 2672 829 2766 Ernello
856 2675 901 2765 de,
920 2672 1104 2765 Mamfelt,
1128 2676 1208 2748 viro
1234 2697 1381 2771 genere,
1407 2676 1446 2753 &

255 2772 395 2845 scientia
414 2770 552 2843 militari
575 2772 680 2841 claro.
730 2768 859 2842 Hicin
884 2770 1028 2863 ppaelio,
1054 2774 1124 2863 quo
1152 2772 1303 2855 Carolus,
1328 2772 1445 2868 prop&

255 2868 501 2940 Moncontour
524 2864 720 2961 superavit.
752 2862 965 2937 fortissimum
993 2864 1024 2935 se
1057 2866 1228 2959 prebens,
1258 2866 1446 2962 scblopeto

252 2964 290 3036 in
309 2960 454 3035 brachio
469 2964 593 3035 dextro
617 2962 718 3033 valde
732 2959 821 3033 isius
847 2958 925 3030 fuit.
965 2958 1126 3033 Tandem
1142 2964 1263 3036 iterum
1279 2986 1360 3036 cum
1377 2964 1444 3036 illis

252 3082 317 3154 per
333 3059 477 3129 Carolum
501 3054 660 3132 consede
674 3077 763 3152 pace
789 3055 833 3129 ad
847 3053 925 3129 suos
936 3076 1023 3129 cum
1034 3061 1149 3155 copiis
1166 3060 1360 3155 eximiaque
1372 3061 1443 3133 lau-

188 3211 202 3219 s
251 3156 294 3228 de
312 3151 560 3228 reversusfuit.
1407 3224 1414 3238 ,

300 3246 434 3323 ΧΧΙΙΙ.
469 3250 611 3323 Accidit
628 3251 731 3324 etiam
748 3252 954 3325 Albanonon
972 3250 1150 3324 mediocre
1169 3262 1248 3324 cum
1257 3249 1382 3343 singlis
1392 3250 1443 3321 in·
1488 3283 1591 3359 1572„

249 3347 481 3419 commodum.
509 3348 707 3419 Curaverat
719 3346 798 3418 Rex
815 3345 961 3442 navigiis
977 3348 1013 3418 in
1029 3346 1188 3441 Belgium
1203 3342 1376 3416 transvehi
1384 3345 1444 3416 ali·
1476 3368 1564 3446 origo

253 3462 358 3535 quarn
386 3444 544 3533 pecuniae
570 3441 765 3528 summam,
791 3466 860 3536 qua
884 3447 1033 3515 aleretur
1057 3443 1244 3514 exercitus:
1264 3442 1442 3534 appulere
1474 3450 1590 3505 turmot·
1688 3450 1693 3455 ·
1767 3420 1784 3498 Ῑ.

252 3535 332 3608 haec
347 3554 489 3626 portum
511 3540 694 3630 quemdam
719 3538 878 3630 Angliae,
903 3535 998 3607 unde
1016 3558 1096 3608 cum
1119 3532 1254 3607 solvere
1283 3558 1355 3608 non
1382 3560 1442 3608 au·
1473 3528 1600 3617 tietmar

252 3635 376 3704 tierent
404 3648 554 3721 propter
575 3634 726 3723 piratas,
761 3655 850 3726 quos
875 3630 1032 3704 sciebant
1050 3628 1116 3702 fibi
1151 3626 1334 3719 insidiari,
1369 3632 1443 3705 Dorr
1474 3600 1573 3737 ³522*
1614 3638 1616 3645 “

252 3720 462 3815 Garandesprt
482 3725 503 3763 ⁴
530 3722 725 3817 Hispanus,
747 3729 811 3821 qui
833 3726 1059 3823 Legationerp
1076 3724 1303 3820 Hispanicum
1318 3724 1445 3799 inAnr·
1477 3752 1513 3825 pp
1527 3756 1587 3813 A,

252 3822 323 3916 glis
337 3820 478 3901 obibat,
501 3820 605 3912 petiit
623 3820 684 3891 libi
701 3822 776 3891 dari
796 3824 980 3894 auxiliares
994 3826 1128 3916 aliquot
1146 3844 1274 3906 naves,
1299 3838 1446 3915 quarunt
1475 3838 1569 3913 gaiam.

250 3920 419 3991 comitatu
444 3915 584 4006 navigia
613 3916 671 3985 illa
695 3912 814 3986 secure
840 3919 875 3985 in
895 3916 1054 4009 belgium
1082 3920 1265 4011 pervenire
1279 3916 1446 4011 pollent,
1481 3918 1486 3927 '

234 4010 453 4103 ‘assensuque
472 4015 624 4102 primum
643 4010 805 4101 Regina,
830 4008 887 4081 sed
904 4010 1024 4103 postea
1038 4018 1107 4107 jam
1125 4012 1312 4086 inclinante
1333 4016 1448 4086 animo
1467 4060 1468 4067 κ

248 4112 285 4183 in
305 4109 444 4198 Philippi
467 4106 614 4189 damna,
638 4108 826 4201 pecuniam
846 4128 983 4178 omnem
1003 4108 1039 4182 in
1063 4104 1162 4181 suum
1184 4104 1280 4183 usuiu
1303 4133 1450 4185 conver-

259 4260 263 4269 .
957 4244 961 4249 '
1383 4226 1447 4291 Ut,

319 4333 324 4341 ·
360 4307 380 4347 ¹⁶
402 4303 577 4372 Guerraus
604 4304 780 4393 Despaeut.
822 4304 945 4376 strada
1442 4312 1448 4329 '

293 4384 451 4468 ramur.
500 4390 583 4464 Pars
606 4412 640 4464 2.
960 4391 997 4465 T
